{
  "summary": {
    "totalNetSales": 536323.5500000003,
    "totalGrossSales": 590579.8099999962,
    "totalUnits": 12894,
    "totalDiscounts": 71189.07000000021,
    "totalSalesCount": 3156,
    "avgTicket": 169.93775348542468,
    "dateRange": {
      "start": "2024-11-30",
      "end": "2025-11-12"
    },
    "uniqueProducts": 52,
    "uniqueCustomers": 436,
    "uniqueChannels": 5
  },
  "byProduct": [
    {
      "item": "Merchant Mae Vodka 700ml",
      "category": "Spirits",
      "sku": "P002882",
      "totalNetSales": 132951.84000000003,
      "totalGrossSales": 146249.9600000003,
      "totalUnits": 3675,
      "totalDiscounts": 14169.73,
      "avgPrice": 36.17737142857143,
      "salesCount": 293,
      "topChannels": [],
      "topCustomers": [],
      "monthlyBreakdown": {
        "1": {
          "netSales": 13416,
          "units": 372
        },
        "2": {
          "netSales": 5184,
          "units": 144
        },
        "3": {
          "netSales": 7404,
          "units": 205
        },
        "4": {
          "netSales": 9996,
          "units": 276
        },
        "5": {
          "netSales": 10695.64,
          "units": 295
        },
        "6": {
          "netSales": 10076,
          "units": 279
        },
        "7": {
          "netSales": 9265.4,
          "units": 255
        },
        "8": {
          "netSales": 21416.16,
          "units": 594
        },
        "9": {
          "netSales": 10696,
          "units": 296
        },
        "10": {
          "netSales": 20910.11,
          "units": 576
        },
        "11": {
          "netSales": 2508,
          "units": 69
        },
        "12": {
          "netSales": 11384.53,
          "units": 29
        }
      }
    },
    {
      "item": "Rainforest Gin 700ml",
      "category": "Spirits",
      "sku": "Rainforest Gin 700ml",
      "totalNetSales": 85342.90999999996,
      "totalGrossSales": 93992.01999999995,
      "totalUnits": 1627,
      "totalDiscounts": 10955.149999999996,
      "avgPrice": 52.454154886293765,
      "salesCount": 415,
      "topChannels": [],
      "topCustomers": [],
      "monthlyBreakdown": {
        "1": {
          "netSales": 3285.36,
          "units": 59
        },
        "2": {
          "netSales": 4789.820000000001,
          "units": 90
        },
        "3": {
          "netSales": 4559.389999999999,
          "units": 90
        },
        "4": {
          "netSales": 5671.269999999999,
          "units": 110
        },
        "5": {
          "netSales": 8209.349999999999,
          "units": 155
        },
        "6": {
          "netSales": 7930.129999999998,
          "units": 152
        },
        "7": {
          "netSales": 7658.279999999998,
          "units": 147
        },
        "8": {
          "netSales": 8209.839999999998,
          "units": 153
        },
        "9": {
          "netSales": 6311.95,
          "units": 122
        },
        "10": {
          "netSales": 13066.779999999999,
          "units": 250
        },
        "11": {
          "netSales": 2258.1400000000003,
          "units": 43
        },
        "12": {
          "netSales": 13392.600000000002,
          "units": 54
        }
      }
    },
    {
      "item": "Merchant Mae Gin 700ml",
      "category": "Spirits",
      "sku": "5795953",
      "totalNetSales": 59109.08999999999,
      "totalGrossSales": 65020.00999999992,
      "totalUnits": 1630,
      "totalDiscounts": 6302.91,
      "avgPrice": 36.263245398773,
      "salesCount": 203,
      "topChannels": [],
      "topCustomers": [],
      "monthlyBreakdown": {
        "1": {
          "netSales": 3965.09,
          "units": 109
        },
        "2": {
          "netSales": 2952,
          "units": 82
        },
        "3": {
          "netSales": 3928,
          "units": 109
        },
        "4": {
          "netSales": 5252,
          "units": 145
        },
        "5": {
          "netSales": 6792,
          "units": 187
        },
        "6": {
          "netSales": 7529.360000000001,
          "units": 210
        },
        "7": {
          "netSales": 5793.82,
          "units": 158
        },
        "8": {
          "netSales": 7258.34,
          "units": 202
        },
        "9": {
          "netSales": 3216,
          "units": 88
        },
        "10": {
          "netSales": 6176,
          "units": 169
        },
        "11": {
          "netSales": 1116,
          "units": 31
        },
        "12": {
          "netSales": 5130.4800000000005,
          "units": 19
        }
      }
    },
    {
      "item": "Merchant Mae White Rum 700ml",
      "category": "Spirits",
      "sku": "136620B",
      "totalNetSales": 39276.53999999999,
      "totalGrossSales": 43205.04999999993,
      "totalUnits": 1088,
      "totalDiscounts": 4371.64,
      "avgPrice": 36.09976102941176,
      "salesCount": 142,
      "topChannels": [],
      "topCustomers": [],
      "monthlyBreakdown": {
        "1": {
          "netSales": 3058.91,
          "units": 85
        },
        "2": {
          "netSales": 1224,
          "units": 34
        },
        "3": {
          "netSales": 2160,
          "units": 60
        },
        "4": {
          "netSales": 3577.82,
          "units": 99
        },
        "5": {
          "netSales": 3696,
          "units": 102
        },
        "6": {
          "netSales": 4613,
          "units": 130
        },
        "7": {
          "netSales": 1274,
          "units": 35
        },
        "8": {
          "netSales": 7646.63,
          "units": 212
        },
        "9": {
          "netSales": 2176,
          "units": 60
        },
        "10": {
          "netSales": 6584,
          "units": 181
        },
        "11": {
          "netSales": 864,
          "units": 24
        },
        "12": {
          "netSales": 2402.18,
          "units": 10
        }
      }
    },
    {
      "item": "Signature Dry Gin 700ml",
      "category": "Spirits",
      "sku": "Signature Dry Gin 700ml",
      "totalNetSales": 29823.789999999994,
      "totalGrossSales": 32848.32000000001,
      "totalUnits": 580,
      "totalDiscounts": 4607.71,
      "avgPrice": 51.42032758620689,
      "salesCount": 175,
      "topChannels": [],
      "topCustomers": [],
      "monthlyBreakdown": {
        "1": {
          "netSales": 2450.83,
          "units": 45
        },
        "2": {
          "netSales": 2547.2000000000007,
          "units": 47
        },
        "3": {
          "netSales": 445.5,
          "units": 10
        },
        "4": {
          "netSales": 2438.7200000000003,
          "units": 46
        },
        "5": {
          "netSales": 2186.24,
          "units": 43
        },
        "6": {
          "netSales": 1647.62,
          "units": 31
        },
        "7": {
          "netSales": 3871.9300000000003,
          "units": 78
        },
        "8": {
          "netSales": 3398.9500000000003,
          "units": 67
        },
        "9": {
          "netSales": 2638.3499999999995,
          "units": 53
        },
        "10": {
          "netSales": 3968.92,
          "units": 76
        },
        "11": {
          "netSales": 90.19,
          "units": 3
        },
        "12": {
          "netSales": 4139.34,
          "units": 19
        }
      }
    },
    {
      "item": "Navy Strength Gin 700ml",
      "category": "Spirits",
      "sku": "Navy Strength Gin 700ml",
      "totalNetSales": 26893.049999999992,
      "totalGrossSales": 29652.059999999987,
      "totalUnits": 398,
      "totalDiscounts": 5321.119999999996,
      "avgPrice": 67.57047738693466,
      "salesCount": 201,
      "topChannels": [],
      "topCustomers": [],
      "monthlyBreakdown": {
        "1": {
          "netSales": 3023.420000000001,
          "units": 43
        },
        "2": {
          "netSales": 571.8399999999999,
          "units": 7
        },
        "3": {
          "netSales": 1631.7100000000003,
          "units": 24
        },
        "4": {
          "netSales": 1970.27,
          "units": 28
        },
        "5": {
          "netSales": 3046.29,
          "units": 44
        },
        "6": {
          "netSales": 1381.8500000000001,
          "units": 21
        },
        "7": {
          "netSales": 2302.23,
          "units": 36
        },
        "8": {
          "netSales": 4900.570000000001,
          "units": 75
        },
        "9": {
          "netSales": 492.62,
          "units": 9
        },
        "10": {
          "netSales": 2802.96,
          "units": 41
        },
        "11": {
          "netSales": 847.47,
          "units": 13
        },
        "12": {
          "netSales": 3921.8199999999997,
          "units": 27
        }
      }
    },
    {
      "item": "Wet Season Gin 700ml",
      "category": "Spirits",
      "sku": "Wet Season Gin 700ml",
      "totalNetSales": 21585.67,
      "totalGrossSales": 23845.639999999992,
      "totalUnits": 298,
      "totalDiscounts": 4065.930000000004,
      "avgPrice": 72.43513422818792,
      "salesCount": 210,
      "topChannels": [],
      "topCustomers": [],
      "monthlyBreakdown": {
        "1": {
          "netSales": 2335.88,
          "units": 30
        },
        "2": {
          "netSales": 1577.6,
          "units": 21
        },
        "3": {
          "netSales": 658.8000000000001,
          "units": 10
        },
        "4": {
          "netSales": 1746.03,
          "units": 24
        },
        "5": {
          "netSales": 2306.98,
          "units": 33
        },
        "6": {
          "netSales": 3463.0200000000004,
          "units": 48
        },
        "7": {
          "netSales": 2667.4800000000005,
          "units": 36
        },
        "8": {
          "netSales": 1654.49,
          "units": 23
        },
        "9": {
          "netSales": 1650.7,
          "units": 23
        },
        "10": {
          "netSales": 1030.6699999999998,
          "units": 14
        },
        "11": {
          "netSales": 261.48,
          "units": 5
        },
        "12": {
          "netSales": 2232.54,
          "units": 24
        }
      }
    },
    {
      "item": "Pineapple Rum 700ml",
      "category": "Spirits",
      "sku": "4279027",
      "totalNetSales": 18351.840000000004,
      "totalGrossSales": 20214.999999999985,
      "totalUnits": 332,
      "totalDiscounts": 2622.130000000001,
      "avgPrice": 55.27662650602411,
      "salesCount": 120,
      "topChannels": [],
      "topCustomers": [],
      "monthlyBreakdown": {
        "1": {
          "netSales": 1661.4399999999998,
          "units": 29
        },
        "2": {
          "netSales": 424.8,
          "units": 8
        },
        "3": {
          "netSales": 1486.8,
          "units": 28
        },
        "4": {
          "netSales": 1622.5099999999998,
          "units": 29
        },
        "5": {
          "netSales": 1081.65,
          "units": 21
        },
        "6": {
          "netSales": 1006.23,
          "units": 17
        },
        "7": {
          "netSales": 2543.4399999999996,
          "units": 46
        },
        "8": {
          "netSales": 681.98,
          "units": 12
        },
        "9": {
          "netSales": 601.1600000000001,
          "units": 12
        },
        "10": {
          "netSales": 2913.19,
          "units": 53
        },
        "11": {
          "netSales": 305.88,
          "units": 5
        },
        "12": {
          "netSales": 4022.76,
          "units": 17
        }
      }
    },
    {
      "item": "Australian Cane Spirit 700ml",
      "category": "Spirits",
      "sku": "Australian Cane Spirit 700ml",
      "totalNetSales": 14778.189999999995,
      "totalGrossSales": 16275.15,
      "totalUnits": 264,
      "totalDiscounts": 2676.3699999999994,
      "avgPrice": 55.97799242424241,
      "salesCount": 97,
      "topChannels": [],
      "topCustomers": [],
      "monthlyBreakdown": {
        "1": {
          "netSales": 1979.9899999999998,
          "units": 35
        },
        "2": {
          "netSales": 422.14,
          "units": 6
        },
        "3": {
          "netSales": 153.73,
          "units": 2
        },
        "4": {
          "netSales": 463.44,
          "units": 8
        },
        "5": {
          "netSales": 1860.92,
          "units": 32
        },
        "6": {
          "netSales": 2044.64,
          "units": 37
        },
        "7": {
          "netSales": 2115.11,
          "units": 39
        },
        "8": {
          "netSales": 3606.1099999999997,
          "units": 65
        },
        "9": {
          "netSales": 242.8,
          "units": 4
        },
        "10": {
          "netSales": 939.31,
          "units": 18
        },
        "11": {
          "netSales": 197.95999999999998,
          "units": 3
        },
        "12": {
          "netSales": 752.04,
          "units": 10
        }
      }
    },
    {
      "item": "Spiced Rum 700ml",
      "category": "Spirits",
      "sku": "305856C",
      "totalNetSales": 14720.970000000008,
      "totalGrossSales": 16231.479999999985,
      "totalUnits": 260,
      "totalDiscounts": 2864.720000000001,
      "avgPrice": 56.61911538461542,
      "salesCount": 127,
      "topChannels": [],
      "topCustomers": [],
      "monthlyBreakdown": {
        "1": {
          "netSales": 710.45,
          "units": 13
        },
        "2": {
          "netSales": 489.99,
          "units": 9
        },
        "3": {
          "netSales": 865.36,
          "units": 15
        },
        "4": {
          "netSales": 1683.4699999999998,
          "units": 29
        },
        "5": {
          "netSales": 1463.4000000000003,
          "units": 26
        },
        "6": {
          "netSales": 1442.8,
          "units": 26
        },
        "7": {
          "netSales": 1517.26,
          "units": 25
        },
        "8": {
          "netSales": 2148.9200000000005,
          "units": 38
        },
        "9": {
          "netSales": 712.6,
          "units": 12
        },
        "10": {
          "netSales": 1120.5700000000002,
          "units": 21
        },
        "11": {
          "netSales": 165.95,
          "units": 3
        },
        "12": {
          "netSales": 2400.2,
          "units": 22
        }
      }
    },
    {
      "item": "Reserve Cask Rum",
      "category": "Spirits",
      "sku": "7396090",
      "totalNetSales": 14415.779999999995,
      "totalGrossSales": 15892.220000000003,
      "totalUnits": 151,
      "totalDiscounts": 3314.3900000000003,
      "avgPrice": 95.46874172185427,
      "salesCount": 79,
      "topChannels": [],
      "topCustomers": [],
      "monthlyBreakdown": {
        "1": {
          "netSales": 269.88,
          "units": 5
        },
        "2": {
          "netSales": 675,
          "units": 7
        },
        "3": {
          "netSales": 368.74,
          "units": 3
        },
        "4": {
          "netSales": 913.99,
          "units": 8
        },
        "5": {
          "netSales": 1037.82,
          "units": 10
        },
        "6": {
          "netSales": 1042.91,
          "units": 10
        },
        "7": {
          "netSales": 1104.81,
          "units": 10
        },
        "8": {
          "netSales": 1456.72,
          "units": 14
        },
        "9": {
          "netSales": 1767.65,
          "units": 16
        },
        "10": {
          "netSales": 4119.780000000001,
          "units": 52
        },
        "11": {
          "netSales": 242.35,
          "units": 4
        },
        "12": {
          "netSales": 1416.1299999999999,
          "units": 12
        }
      }
    },
    {
      "item": "Merchant Mae Dark Rum 700ml",
      "category": "Spirits",
      "sku": "K714666",
      "totalNetSales": 13982.91,
      "totalGrossSales": 15381.20000000001,
      "totalUnits": 387,
      "totalDiscounts": 1596.8000000000002,
      "avgPrice": 36.131550387596896,
      "salesCount": 52,
      "topChannels": [],
      "topCustomers": [],
      "monthlyBreakdown": {
        "1": {
          "netSales": 2386.1899999999996,
          "units": 67
        },
        "2": {
          "netSales": 1152,
          "units": 32
        },
        "3": {
          "netSales": 504,
          "units": 14
        },
        "4": {
          "netSales": 2053.09,
          "units": 56
        },
        "5": {
          "netSales": 1692,
          "units": 47
        },
        "6": {
          "netSales": 1595.63,
          "units": 44
        },
        "7": {
          "netSales": 216,
          "units": 6
        },
        "8": {
          "netSales": 2448,
          "units": 68
        },
        "9": {
          "netSales": 72,
          "units": 2
        },
        "10": {
          "netSales": 1360,
          "units": 37
        },
        "12": {
          "netSales": 504,
          "units": 2
        }
      }
    },
    {
      "item": "Rainforest Gin 200ml",
      "category": "Spirits",
      "sku": "Rainforest Gin 200ml",
      "totalNetSales": 10575.880000000003,
      "totalGrossSales": 11636.589999999997,
      "totalUnits": 533,
      "totalDiscounts": 752.9499999999999,
      "avgPrice": 19.842176360225146,
      "salesCount": 33,
      "topChannels": [],
      "topCustomers": [],
      "monthlyBreakdown": {
        "1": {
          "netSales": 1036.18,
          "units": 49
        },
        "3": {
          "netSales": 1411.2,
          "units": 72
        },
        "4": {
          "netSales": 957.6,
          "units": 48
        },
        "5": {
          "netSales": 564.52,
          "units": 29
        },
        "6": {
          "netSales": 1498.4400000000003,
          "units": 75
        },
        "7": {
          "netSales": 1134,
          "units": 60
        },
        "8": {
          "netSales": 730.8,
          "units": 36
        },
        "9": {
          "netSales": 308.29999999999995,
          "units": 14
        },
        "10": {
          "netSales": 2104.02,
          "units": 105
        },
        "12": {
          "netSales": 830.8199999999999,
          "units": 4
        }
      }
    },
    {
      "item": "Gin Gift Pack 3 x 200ml",
      "category": "Spirits",
      "sku": "Gin Gift Pack",
      "totalNetSales": 9726.68,
      "totalGrossSales": 10735.41,
      "totalUnits": 138,
      "totalDiscounts": 1064.4099999999999,
      "avgPrice": 70.48318840579711,
      "salesCount": 72,
      "topChannels": [],
      "topCustomers": [],
      "monthlyBreakdown": {
        "1": {
          "netSales": 252.24,
          "units": 3
        },
        "2": {
          "netSales": 360.9,
          "units": 5
        },
        "3": {
          "netSales": 422.1,
          "units": 7
        },
        "4": {
          "netSales": 535.98,
          "units": 6
        },
        "5": {
          "netSales": 1352.2099999999998,
          "units": 23
        },
        "6": {
          "netSales": 1483.83,
          "units": 20
        },
        "7": {
          "netSales": 1357.06,
          "units": 21
        },
        "8": {
          "netSales": 664.82,
          "units": 8
        },
        "9": {
          "netSales": 274.26,
          "units": 3
        },
        "10": {
          "netSales": 962.0799999999999,
          "units": 14
        },
        "12": {
          "netSales": 2061.2,
          "units": 18
        }
      }
    },
    {
      "item": "Reserve Cask Whisky",
      "category": "Spirits",
      "sku": "4588628",
      "totalNetSales": 9058.650000000003,
      "totalGrossSales": 9992.07,
      "totalUnits": 84,
      "totalDiscounts": 1556.9099999999999,
      "avgPrice": 107.84107142857147,
      "salesCount": 57,
      "topChannels": [],
      "topCustomers": [],
      "monthlyBreakdown": {
        "1": {
          "netSales": 368.75,
          "units": 6
        },
        "2": {
          "netSales": 1454.78,
          "units": 14
        },
        "3": {
          "netSales": 135.46,
          "units": 1
        },
        "4": {
          "netSales": 776.3700000000001,
          "units": 7
        },
        "5": {
          "netSales": 1043.3600000000001,
          "units": 10
        },
        "6": {
          "netSales": 1134.54,
          "units": 10
        },
        "7": {
          "netSales": 661.91,
          "units": 7
        },
        "8": {
          "netSales": 400.37,
          "units": 3
        },
        "9": {
          "netSales": 630,
          "units": 5
        },
        "10": {
          "netSales": 481.86,
          "units": 4
        },
        "12": {
          "netSales": 1971.25,
          "units": 16
        }
      }
    },
    {
      "item": "Dry Season Gin 700ml",
      "category": "Spirits",
      "sku": "Dry Season Gin 700ml",
      "totalNetSales": 7353.84,
      "totalGrossSales": 8131.4800000000005,
      "totalUnits": 106,
      "totalDiscounts": 2300.4900000000007,
      "avgPrice": 69.37584905660377,
      "salesCount": 90,
      "topChannels": [],
      "topCustomers": [],
      "monthlyBreakdown": {
        "1": {
          "netSales": 810.54,
          "units": 11
        },
        "2": {
          "netSales": 253.01,
          "units": 3
        },
        "4": {
          "netSales": 595.77,
          "units": 7
        },
        "5": {
          "netSales": 714.02,
          "units": 12
        },
        "6": {
          "netSales": 1680.1399999999996,
          "units": 26
        },
        "7": {
          "netSales": 970.77,
          "units": 13
        },
        "8": {
          "netSales": 644.9399999999999,
          "units": 9
        },
        "9": {
          "netSales": 581.93,
          "units": 8
        },
        "10": {
          "netSales": 324.95,
          "units": 5
        },
        "11": {
          "netSales": 211.68,
          "units": 4
        },
        "12": {
          "netSales": 566.09,
          "units": 7
        }
      }
    },
    {
      "item": "Gin Tasting Paddle",
      "category": "Cellar Door",
      "sku": "",
      "totalNetSales": 3972.319999999997,
      "totalGrossSales": 4377.48,
      "totalUnits": 318,
      "totalDiscounts": 246.04000000000008,
      "avgPrice": 12.491572327044016,
      "salesCount": 252,
      "topChannels": [],
      "topCustomers": [],
      "monthlyBreakdown": {
        "1": {
          "netSales": 852.55,
          "units": 68
        },
        "2": {
          "netSales": 220.21,
          "units": 18
        },
        "4": {
          "netSales": 313.2699999999999,
          "units": 24
        },
        "5": {
          "netSales": 49.73,
          "units": 4
        },
        "6": {
          "netSales": 179.47999999999996,
          "units": 12
        },
        "7": {
          "netSales": 26.33,
          "units": 2
        },
        "8": {
          "netSales": 348.0099999999999,
          "units": 25
        },
        "10": {
          "netSales": 22.93,
          "units": 5
        },
        "11": {
          "netSales": 76.03,
          "units": 6
        },
        "12": {
          "netSales": 1883.7800000000013,
          "units": 118
        }
      }
    },
    {
      "item": "Coffee Liqueur",
      "category": "Limited Release",
      "sku": "426935F",
      "totalNetSales": 3533.920000000002,
      "totalGrossSales": 3911.8,
      "totalUnits": 74,
      "totalDiscounts": 470.98999999999995,
      "avgPrice": 47.755675675675704,
      "salesCount": 43,
      "topChannels": [],
      "topCustomers": [],
      "monthlyBreakdown": {
        "8": {
          "netSales": 935.72,
          "units": 19
        },
        "9": {
          "netSales": 1486.76,
          "units": 34
        },
        "10": {
          "netSales": 545.23,
          "units": 10
        },
        "11": {
          "netSales": 566.21,
          "units": 11
        }
      }
    },
    {
      "item": "MM Vodka 2L Pouch",
      "category": "Spirits",
      "sku": "Vodka 2L Pouch",
      "totalNetSales": 3528,
      "totalGrossSales": 3880.7999999999997,
      "totalUnits": 37,
      "totalDiscounts": 357,
      "avgPrice": 95.35135135135135,
      "salesCount": 16,
      "topChannels": [],
      "topCustomers": [],
      "monthlyBreakdown": {
        "1": {
          "netSales": 378,
          "units": 4
        },
        "4": {
          "netSales": 567,
          "units": 6
        },
        "5": {
          "netSales": 756,
          "units": 8
        },
        "6": {
          "netSales": 388.5,
          "units": 4
        },
        "7": {
          "netSales": 388.5,
          "units": 4
        },
        "8": {
          "netSales": 283.5,
          "units": 3
        },
        "9": {
          "netSales": 378,
          "units": 4
        },
        "10": {
          "netSales": 388.5,
          "units": 4
        }
      }
    },
    {
      "item": "Signature Dry Gin 200ml",
      "category": "Spirits",
      "sku": "Signature Dry Gin 200ml",
      "totalNetSales": 2076.8,
      "totalGrossSales": 2285.33,
      "totalUnits": 108,
      "totalDiscounts": 221.55,
      "avgPrice": 19.22962962962963,
      "salesCount": 8,
      "topChannels": [],
      "topCustomers": [],
      "monthlyBreakdown": {
        "3": {
          "netSales": 453.6,
          "units": 24
        },
        "4": {
          "netSales": 28.18,
          "units": 1
        },
        "5": {
          "netSales": 26.92,
          "units": 1
        },
        "7": {
          "netSales": 907.2,
          "units": 48
        },
        "8": {
          "netSales": 29.59,
          "units": 1
        },
        "9": {
          "netSales": 26.51,
          "units": 1
        },
        "10": {
          "netSales": 226.8,
          "units": 12
        },
        "12": {
          "netSales": 378,
          "units": 1
        }
      }
    },
    {
      "item": "Rum Tasting Paddle",
      "category": "Cellar Door",
      "sku": "G055211",
      "totalNetSales": 1962.9400000000003,
      "totalGrossSales": 2164.5199999999995,
      "totalUnits": 208,
      "totalDiscounts": 176.50000000000003,
      "avgPrice": 9.43721153846154,
      "salesCount": 172,
      "topChannels": [],
      "topCustomers": [],
      "monthlyBreakdown": {
        "1": {
          "netSales": 347.79999999999995,
          "units": 36
        },
        "2": {
          "netSales": 55.63,
          "units": 6
        },
        "4": {
          "netSales": 105.62,
          "units": 11
        },
        "5": {
          "netSales": 24.130000000000003,
          "units": 2
        },
        "6": {
          "netSales": 29.96,
          "units": 3
        },
        "7": {
          "netSales": 18.16,
          "units": 1
        },
        "8": {
          "netSales": 114.96000000000001,
          "units": 11
        },
        "9": {
          "netSales": 33.21,
          "units": 5
        },
        "10": {
          "netSales": 49.510000000000005,
          "units": 7
        },
        "11": {
          "netSales": 63.95,
          "units": 5
        },
        "12": {
          "netSales": 1120.0099999999993,
          "units": 88
        }
      }
    },
    {
      "item": "Navy Strength Gin 200ml",
      "category": "Spirits",
      "sku": "Navy Strength Gin 200ml",
      "totalNetSales": 1652.4,
      "totalGrossSales": 1817.6399999999999,
      "totalUnits": 68,
      "totalDiscounts": 183.6,
      "avgPrice": 24.3,
      "salesCount": 3,
      "topChannels": [],
      "topCustomers": [],
      "monthlyBreakdown": {
        "3": {
          "netSales": 583.2,
          "units": 24
        },
        "7": {
          "netSales": 583.2,
          "units": 24
        },
        "12": {
          "netSales": 486,
          "units": 1
        }
      }
    },
    {
      "item": "Australian Cane Spirit 200ml",
      "category": "Spirits",
      "sku": "Australian Cane Spirit 200ml",
      "totalNetSales": 1524.6599999999999,
      "totalGrossSales": 1677.6,
      "totalUnits": 72,
      "totalDiscounts": 159.59,
      "avgPrice": 21.17583333333333,
      "salesCount": 5,
      "topChannels": [],
      "topCustomers": [],
      "monthlyBreakdown": {
        "3": {
          "netSales": 496.8,
          "units": 24
        },
        "7": {
          "netSales": 496.8,
          "units": 24
        },
        "11": {
          "netSales": 29.96,
          "units": 1
        },
        "12": {
          "netSales": 501.1,
          "units": 2
        }
      }
    },
    {
      "item": "Vodka 700ml",
      "category": "Spirits",
      "sku": "P002882",
      "totalNetSales": 1296,
      "totalGrossSales": 1425.6,
      "totalUnits": 36,
      "totalDiscounts": 144,
      "avgPrice": 36,
      "salesCount": 4,
      "topChannels": [],
      "topCustomers": [],
      "monthlyBreakdown": {
        "12": {
          "netSales": 1296,
          "units": 4
        }
      }
    },
    {
      "item": "Cocktail",
      "category": "Cellar Door",
      "sku": "Signature Dry Gin",
      "totalNetSales": 1140.9699999999993,
      "totalGrossSales": 1252.0700000000002,
      "totalUnits": 81,
      "totalDiscounts": 52.35,
      "avgPrice": 14.086049382716041,
      "salesCount": 56,
      "topChannels": [],
      "topCustomers": [],
      "monthlyBreakdown": {
        "1": {
          "netSales": 125.39999999999999,
          "units": 9
        },
        "2": {
          "netSales": 62.14,
          "units": 4
        },
        "4": {
          "netSales": 41.830000000000005,
          "units": 3
        },
        "7": {
          "netSales": 26.6,
          "units": 2
        },
        "8": {
          "netSales": 132.35,
          "units": 9
        },
        "9": {
          "netSales": 28.46,
          "units": 2
        },
        "10": {
          "netSales": 29.78,
          "units": 2
        },
        "11": {
          "netSales": 14.19,
          "units": 1
        },
        "12": {
          "netSales": 680.2199999999999,
          "units": 33
        }
      }
    },
    {
      "item": "MM Gin 2L Pouch",
      "category": "Spirits",
      "sku": "813007R",
      "totalNetSales": 1134,
      "totalGrossSales": 1247.4,
      "totalUnits": 12,
      "totalDiscounts": 126,
      "avgPrice": 94.5,
      "salesCount": 5,
      "topChannels": [],
      "topCustomers": [],
      "monthlyBreakdown": {
        "5": {
          "netSales": 283.5,
          "units": 3
        },
        "6": {
          "netSales": 283.5,
          "units": 3
        },
        "7": {
          "netSales": 283.5,
          "units": 3
        },
        "9": {
          "netSales": 283.5,
          "units": 3
        }
      }
    },
    {
      "item": "Rainforest 2L Pouch",
      "category": "Spirits",
      "sku": "836646Q",
      "totalNetSales": 990,
      "totalGrossSales": 1089,
      "totalUnits": 6,
      "totalDiscounts": 0,
      "avgPrice": 165,
      "salesCount": 1,
      "topChannels": [],
      "topCustomers": [],
      "monthlyBreakdown": {
        "11": {
          "netSales": 990,
          "units": 6
        }
      }
    },
    {
      "item": "Rum Gift Pack - 3 x 200mL",
      "category": "Spirits",
      "sku": "6574463",
      "totalNetSales": 948.57,
      "totalGrossSales": 1056.15,
      "totalUnits": 11,
      "totalDiscounts": 42.55,
      "avgPrice": 86.23363636363636,
      "salesCount": 10,
      "topChannels": [],
      "topCustomers": [],
      "monthlyBreakdown": {
        "8": {
          "netSales": 172.25,
          "units": 2
        },
        "9": {
          "netSales": 265.26,
          "units": 3
        },
        "10": {
          "netSales": 60.3,
          "units": 1
        },
        "11": {
          "netSales": 450.76,
          "units": 5
        }
      }
    },
    {
      "item": "Gin and Tonic",
      "category": "Cellar Door",
      "sku": "7293308",
      "totalNetSales": 753.2900000000003,
      "totalGrossSales": 829.9000000000001,
      "totalUnits": 82,
      "totalDiscounts": 104.50999999999999,
      "avgPrice": 9.18646341463415,
      "salesCount": 66,
      "topChannels": [],
      "topCustomers": [],
      "monthlyBreakdown": {
        "1": {
          "netSales": 66.02,
          "units": 6
        },
        "2": {
          "netSales": 73.97,
          "units": 7
        },
        "4": {
          "netSales": 17.46,
          "units": 3
        },
        "6": {
          "netSales": 40.089999999999996,
          "units": 4
        },
        "8": {
          "netSales": 29.060000000000002,
          "units": 3
        },
        "11": {
          "netSales": 11.66,
          "units": 1
        },
        "12": {
          "netSales": 515.0299999999997,
          "units": 47
        }
      }
    },
    {
      "item": "Tshirt Back Logo",
      "category": "Merchandise",
      "sku": "A046032",
      "totalNetSales": 573.4200000000002,
      "totalGrossSales": 637.1499999999999,
      "totalUnits": 19,
      "totalDiscounts": 37.050000000000004,
      "avgPrice": 30.18000000000001,
      "salesCount": 17,
      "topChannels": [],
      "topCustomers": [],
      "monthlyBreakdown": {
        "1": {
          "netSales": 42.89,
          "units": 2
        },
        "2": {
          "netSales": 30.85,
          "units": 1
        },
        "6": {
          "netSales": 31.78,
          "units": 1
        },
        "7": {
          "netSales": 61.19,
          "units": 2
        },
        "8": {
          "netSales": 250.52,
          "units": 8
        },
        "9": {
          "netSales": 61.71,
          "units": 2
        },
        "12": {
          "netSales": 94.47999999999999,
          "units": 3
        }
      }
    },
    {
      "item": "Ribbon Reef 2L Pouch",
      "category": "Spirits",
      "sku": "464925T",
      "totalNetSales": 445.5,
      "totalGrossSales": 490.05,
      "totalUnits": 3,
      "totalDiscounts": 49.5,
      "avgPrice": 148.5,
      "salesCount": 1,
      "topChannels": [],
      "topCustomers": [],
      "monthlyBreakdown": {
        "11": {
          "netSales": 445.5,
          "units": 3
        }
      }
    },
    {
      "item": "MM White Rum 700ml",
      "category": "Spirits",
      "sku": "136620B",
      "totalNetSales": 432,
      "totalGrossSales": 475.2,
      "totalUnits": 12,
      "totalDiscounts": 48,
      "avgPrice": 36,
      "salesCount": 1,
      "topChannels": [],
      "topCustomers": [],
      "monthlyBreakdown": {
        "12": {
          "netSales": 432,
          "units": 1
        }
      }
    },
    {
      "item": "White Rum 700ml",
      "category": "Spirits",
      "sku": "136620B",
      "totalNetSales": 432,
      "totalGrossSales": 475.2,
      "totalUnits": 12,
      "totalDiscounts": 48,
      "avgPrice": 36,
      "salesCount": 1,
      "topChannels": [],
      "topCustomers": [],
      "monthlyBreakdown": {
        "12": {
          "netSales": 432,
          "units": 1
        }
      }
    },
    {
      "item": "Tasting Glass",
      "category": "Merchandise",
      "sku": "TG01",
      "totalNetSales": 281.60999999999996,
      "totalGrossSales": 311.45,
      "totalUnits": 40,
      "totalDiscounts": 11.33,
      "avgPrice": 7.040249999999999,
      "salesCount": 17,
      "topChannels": [],
      "topCustomers": [],
      "monthlyBreakdown": {
        "1": {
          "netSales": 5.24,
          "units": 1
        },
        "4": {
          "netSales": 60.629999999999995,
          "units": 8
        },
        "8": {
          "netSales": 31.39,
          "units": 3
        },
        "9": {
          "netSales": 13.62,
          "units": 2
        },
        "10": {
          "netSales": 58.33,
          "units": 6
        },
        "11": {
          "netSales": 39.15,
          "units": 6
        },
        "12": {
          "netSales": 73.24999999999999,
          "units": 8
        }
      }
    },
    {
      "item": "Hemingways Beer",
      "category": "Cellar Door",
      "sku": "",
      "totalNetSales": 225.39999999999998,
      "totalGrossSales": 248.54999999999998,
      "totalUnits": 29,
      "totalDiscounts": 42.99,
      "avgPrice": 7.772413793103447,
      "salesCount": 25,
      "topChannels": [],
      "topCustomers": [],
      "monthlyBreakdown": {
        "1": {
          "netSales": 60.22999999999999,
          "units": 7
        },
        "2": {
          "netSales": 8.52,
          "units": 1
        },
        "6": {
          "netSales": 9.08,
          "units": 1
        },
        "8": {
          "netSales": 19.06,
          "units": 2
        },
        "9": {
          "netSales": 9.08,
          "units": 1
        },
        "12": {
          "netSales": 119.43,
          "units": 13
        }
      }
    },
    {
      "item": "Toasties",
      "category": "Snacks",
      "sku": "8973955",
      "totalNetSales": 217.48000000000002,
      "totalGrossSales": 239.93,
      "totalUnits": 25,
      "totalDiscounts": 11.7,
      "avgPrice": 8.699200000000001,
      "salesCount": 16,
      "topChannels": [],
      "topCustomers": [],
      "monthlyBreakdown": {
        "1": {
          "netSales": 16.82,
          "units": 2
        },
        "5": {
          "netSales": 25.82,
          "units": 3
        },
        "8": {
          "netSales": 19.07,
          "units": 2
        },
        "12": {
          "netSales": 155.77,
          "units": 10
        }
      }
    },
    {
      "item": "MM Vodka 700ml",
      "category": "Spirits",
      "sku": "P002882",
      "totalNetSales": 216,
      "totalGrossSales": 237.6,
      "totalUnits": 6,
      "totalDiscounts": 24,
      "avgPrice": 36,
      "salesCount": 1,
      "topChannels": [],
      "topCustomers": [],
      "monthlyBreakdown": {
        "12": {
          "netSales": 216,
          "units": 1
        }
      }
    },
    {
      "item": "MM Gin 700ml",
      "category": "Spirits",
      "sku": "5795953",
      "totalNetSales": 216,
      "totalGrossSales": 237.6,
      "totalUnits": 6,
      "totalDiscounts": 24,
      "avgPrice": 36,
      "salesCount": 1,
      "topChannels": [],
      "topCustomers": [],
      "monthlyBreakdown": {
        "12": {
          "netSales": 216,
          "units": 1
        }
      }
    },
    {
      "item": "Vodka 2L Pouch",
      "category": "Spirits",
      "sku": "Vodka 2L Pouch",
      "totalNetSales": 180,
      "totalGrossSales": 198,
      "totalUnits": 2,
      "totalDiscounts": 20,
      "avgPrice": 90,
      "salesCount": 1,
      "topChannels": [],
      "topCustomers": [],
      "monthlyBreakdown": {
        "12": {
          "netSales": 180,
          "units": 1
        }
      }
    },
    {
      "item": "Cane Spirit + Ginger Beer",
      "category": "Cellar Door",
      "sku": "868353D",
      "totalNetSales": 122.84,
      "totalGrossSales": 135.11,
      "totalUnits": 11,
      "totalDiscounts": 7.89,
      "avgPrice": 11.167272727272728,
      "salesCount": 10,
      "topChannels": [],
      "topCustomers": [],
      "monthlyBreakdown": {
        "1": {
          "netSales": 44.63,
          "units": 4
        },
        "2": {
          "netSales": 9.65,
          "units": 1
        },
        "12": {
          "netSales": 68.56,
          "units": 6
        }
      }
    },
    {
      "item": "Mocktail",
      "category": "None",
      "sku": "",
      "totalNetSales": 97.08000000000001,
      "totalGrossSales": 106.91,
      "totalUnits": 13,
      "totalDiscounts": 10.21,
      "avgPrice": 7.4676923076923085,
      "salesCount": 12,
      "topChannels": [],
      "topCustomers": [],
      "monthlyBreakdown": {
        "1": {
          "netSales": 30.79,
          "units": 4
        },
        "2": {
          "netSales": 7.67,
          "units": 1
        },
        "10": {
          "netSales": 8.17,
          "units": 1
        },
        "12": {
          "netSales": 50.45,
          "units": 6
        }
      }
    },
    {
      "item": "Pineapple Rum 200mL",
      "category": "Spirits",
      "sku": "B300298",
      "totalNetSales": 76.9,
      "totalGrossSales": 85.8,
      "totalUnits": 3,
      "totalDiscounts": 5.4,
      "avgPrice": 25.633333333333336,
      "salesCount": 3,
      "topChannels": [],
      "topCustomers": [],
      "monthlyBreakdown": {
        "8": {
          "netSales": 20.95,
          "units": 1
        },
        "10": {
          "netSales": 55.95,
          "units": 2
        }
      }
    },
    {
      "item": "Dark & Stormy",
      "category": "Cellar Door",
      "sku": "E118737",
      "totalNetSales": 75.21000000000001,
      "totalGrossSales": 82.73,
      "totalUnits": 7,
      "totalDiscounts": 1.27,
      "avgPrice": 10.744285714285715,
      "salesCount": 6,
      "topChannels": [],
      "topCustomers": [],
      "monthlyBreakdown": {
        "1": {
          "netSales": 10.21,
          "units": 1
        },
        "12": {
          "netSales": 65,
          "units": 5
        }
      }
    },
    {
      "item": "Rum and Cola",
      "category": "Cellar Door",
      "sku": "3049989",
      "totalNetSales": 69.61,
      "totalGrossSales": 77.10999999999999,
      "totalUnits": 7,
      "totalDiscounts": 8.520000000000001,
      "avgPrice": 9.944285714285714,
      "salesCount": 7,
      "topChannels": [],
      "topCustomers": [],
      "monthlyBreakdown": {
        "6": {
          "netSales": 10.89,
          "units": 1
        },
        "8": {
          "netSales": 11.44,
          "units": 1
        },
        "11": {
          "netSales": 10.62,
          "units": 1
        },
        "12": {
          "netSales": 36.66,
          "units": 4
        }
      }
    },
    {
      "item": "Tshirt Front Logo",
      "category": "Merchandise",
      "sku": "TEEARROWREAR-R",
      "totalNetSales": 60.5,
      "totalGrossSales": 67.50999999999999,
      "totalUnits": 2,
      "totalDiscounts": 6.54,
      "avgPrice": 30.25,
      "salesCount": 2,
      "topChannels": [],
      "topCustomers": [],
      "monthlyBreakdown": {
        "5": {
          "netSales": 30.47,
          "units": 1
        },
        "8": {
          "netSales": 30.03,
          "units": 1
        }
      }
    },
    {
      "item": "Smith Chips",
      "category": "Snacks",
      "sku": "7080142",
      "totalNetSales": 43.02,
      "totalGrossSales": 47.480000000000004,
      "totalUnits": 12,
      "totalDiscounts": 0.86,
      "avgPrice": 3.5850000000000004,
      "salesCount": 11,
      "topChannels": [],
      "topCustomers": [],
      "monthlyBreakdown": {
        "4": {
          "netSales": 3.64,
          "units": 1
        },
        "6": {
          "netSales": 3.63,
          "units": 1
        },
        "8": {
          "netSales": 3.63,
          "units": 1
        },
        "11": {
          "netSales": 3.59,
          "units": 1
        },
        "12": {
          "netSales": 28.53,
          "units": 7
        }
      }
    },
    {
      "item": "Soda",
      "category": "Cellar Door",
      "sku": "966534A",
      "totalNetSales": 38.160000000000004,
      "totalGrossSales": 42.059999999999995,
      "totalUnits": 11,
      "totalDiscounts": 2.04,
      "avgPrice": 3.4690909090909092,
      "salesCount": 10,
      "topChannels": [],
      "topCustomers": [],
      "monthlyBreakdown": {
        "2": {
          "netSales": 3.32,
          "units": 1
        },
        "6": {
          "netSales": 3.27,
          "units": 1
        },
        "8": {
          "netSales": 3.31,
          "units": 1
        },
        "12": {
          "netSales": 28.26,
          "units": 7
        }
      }
    },
    {
      "item": "Focaccia",
      "category": "Snacks",
      "sku": "P339492",
      "totalNetSales": 21.82,
      "totalGrossSales": 24,
      "totalUnits": 2,
      "totalDiscounts": 0,
      "avgPrice": 10.91,
      "salesCount": 1,
      "topChannels": [],
      "topCustomers": [],
      "monthlyBreakdown": {
        "4": {
          "netSales": 21.82,
          "units": 2
        }
      }
    },
    {
      "item": "Credaro 5 Tails Sav Blanc",
      "category": "None",
      "sku": "Credaro 5 Tails Sav Blanc",
      "totalNetSales": 10.91,
      "totalGrossSales": 12,
      "totalUnits": 1,
      "totalDiscounts": 0,
      "avgPrice": 10.91,
      "salesCount": 1,
      "topChannels": [],
      "topCustomers": [],
      "monthlyBreakdown": {
        "12": {
          "netSales": 10.91,
          "units": 1
        }
      }
    },
    {
      "item": "Long Rays Tonic",
      "category": "Cellar Door",
      "sku": "",
      "totalNetSales": 10.23,
      "totalGrossSales": 11.25,
      "totalUnits": 3,
      "totalDiscounts": 0.75,
      "avgPrice": 3.41,
      "salesCount": 2,
      "topChannels": [],
      "topCustomers": [],
      "monthlyBreakdown": {
        "1": {
          "netSales": 6.59,
          "units": 2
        },
        "12": {
          "netSales": 3.64,
          "units": 1
        }
      }
    },
    {
      "item": "GingerBeer\\Lemonade",
      "category": "Cellar Door",
      "sku": "Bundaberg Ginger Beer",
      "totalNetSales": 10.2,
      "totalGrossSales": 11.39,
      "totalUnits": 2,
      "totalDiscounts": 0.76,
      "avgPrice": 5.1,
      "salesCount": 1,
      "topChannels": [],
      "topCustomers": [],
      "monthlyBreakdown": {
        "7": {
          "netSales": 10.2,
          "units": 2
        }
      }
    },
    {
      "item": "Beer Nuts",
      "category": "Snacks",
      "sku": "K031640",
      "totalNetSales": 6.16,
      "totalGrossSales": 6.779999999999999,
      "totalUnits": 2,
      "totalDiscounts": 0.22,
      "avgPrice": 3.08,
      "salesCount": 2,
      "topChannels": [],
      "topCustomers": [],
      "monthlyBreakdown": {
        "12": {
          "netSales": 6.16,
          "units": 2
        }
      }
    }
  ],
  "byChannel": [
    {
      "channel": "Invoice Sales",
      "totalNetSales": 421144.33999999997,
      "totalGrossSales": 463258.7699999994,
      "totalUnits": 10471,
      "totalDiscounts": 43213.66000000009,
      "salesCount": 1159,
      "topProducts": [],
      "monthlyBreakdown": {
        "1": {
          "netSales": 31002.099999999995,
          "units": 805
        },
        "2": {
          "netSales": 18892.78,
          "units": 437
        },
        "3": {
          "netSales": 25416.210000000003,
          "units": 692
        },
        "4": {
          "netSales": 33231.09999999999,
          "units": 830
        },
        "5": {
          "netSales": 38188.89999999999,
          "units": 919
        },
        "6": {
          "netSales": 36969.2,
          "units": 946
        },
        "7": {
          "netSales": 37286.04999999998,
          "units": 931
        },
        "8": {
          "netSales": 58589.9,
          "units": 1455
        },
        "9": {
          "netSales": 28101.189999999995,
          "units": 675
        },
        "10": {
          "netSales": 60009.69,
          "units": 1497
        },
        "11": {
          "netSales": 7937.7,
          "units": 171
        },
        "12": {
          "netSales": 45519.51999999999,
          "units": 114
        }
      }
    },
    {
      "channel": "Cellar Door and Online",
      "totalNetSales": 76668.38000000005,
      "totalGrossSales": 84959.04000000015,
      "totalUnits": 1900,
      "totalDiscounts": 23087.809999999998,
      "salesCount": 1610,
      "topProducts": [],
      "monthlyBreakdown": {
        "1": {
          "netSales": 9243.900000000001,
          "units": 263
        },
        "2": {
          "netSales": 2944.070000000003,
          "units": 72
        },
        "3": {
          "netSales": 431.27,
          "units": 9
        },
        "4": {
          "netSales": 5866.780000000001,
          "units": 128
        },
        "5": {
          "netSales": 4145.530000000001,
          "units": 77
        },
        "6": {
          "netSales": 8113.420000000004,
          "units": 149
        },
        "7": {
          "netSales": 8665.049999999997,
          "units": 134
        },
        "8": {
          "netSales": 8042.380000000003,
          "units": 175
        },
        "9": {
          "netSales": 5635.020000000001,
          "units": 93
        },
        "10": {
          "netSales": 6908.930000000001,
          "units": 122
        },
        "11": {
          "netSales": 2285.01,
          "units": 60
        },
        "12": {
          "netSales": 14387.019999999993,
          "units": 483
        }
      }
    },
    {
      "channel": "Devils Thumb Distillery",
      "totalNetSales": 38103.549999999974,
      "totalGrossSales": 41913.99999999999,
      "totalUnits": 507,
      "totalDiscounts": 4768.599999999999,
      "salesCount": 373,
      "topProducts": [],
      "monthlyBreakdown": {
        "1": {
          "netSales": 2525.95,
          "units": 36
        },
        "2": {
          "netSales": 2620.5500000000006,
          "units": 36
        },
        "3": {
          "netSales": 1820.91,
          "units": 21
        },
        "4": {
          "netSales": 2315.9,
          "units": 27
        },
        "5": {
          "netSales": 6604.539999999998,
          "units": 95
        },
        "6": {
          "netSales": 5467.700000000001,
          "units": 72
        },
        "7": {
          "netSales": 1304.0800000000002,
          "units": 19
        },
        "8": {
          "netSales": 3070.2000000000003,
          "units": 42
        },
        "9": {
          "netSales": 1222.22,
          "units": 16
        },
        "10": {
          "netSales": 3392.0799999999995,
          "units": 47
        },
        "11": {
          "netSales": 1548.01,
          "units": 23
        },
        "12": {
          "netSales": 6211.409999999997,
          "units": 58
        }
      }
    },
    {
      "channel": "",
      "totalNetSales": 320.01,
      "totalGrossSales": 352,
      "totalUnits": 7,
      "totalDiscounts": 20,
      "salesCount": 7,
      "topProducts": [],
      "monthlyBreakdown": {
        "1": {
          "netSales": 226.37,
          "units": 3
        },
        "2": {
          "netSales": 93.64,
          "units": 4
        }
      }
    },
    {
      "channel": "Unknown",
      "totalNetSales": 87.27,
      "totalGrossSales": 96,
      "totalUnits": 9,
      "totalDiscounts": 99,
      "salesCount": 7,
      "topProducts": [],
      "monthlyBreakdown": {
        "12": {
          "netSales": 87.27,
          "units": 7
        }
      }
    }
  ],
  "byCustomer": [
    {
      "customerId": "Z1Q0PKHRKDP8DPBDWDZZYPEHZ8",
      "customerName": "Hemingways Brewery Cairns Venue",
      "totalNetSales": 54881.999999999985,
      "totalGrossSales": 60370.199999999946,
      "totalUnits": 1410,
      "totalDiscounts": 6097.999999999999,
      "purchaseCount": 80,
      "avgTicket": 686.0249999999999,
      "topProducts": [],
      "firstPurchase": "2024-12-04",
      "lastPurchase": "2025-08-21",
      "channels": [
        "Invoice Sales"
      ]
    },
    {
      "customerId": "8ZRT7ERAGVCYHRF3SXGS92N260",
      "customerName": "Wayne Harris",
      "totalNetSales": 46081.98,
      "totalGrossSales": 50690.17999999997,
      "totalUnits": 1205,
      "totalDiscounts": 5293.0199999999995,
      "purchaseCount": 89,
      "avgTicket": 517.7750561797753,
      "topProducts": [],
      "firstPurchase": "2024-12-10",
      "lastPurchase": "2025-10-30",
      "channels": [
        "Invoice Sales"
      ]
    },
    {
      "customerId": "8Z3BYT8S5S5DZ59YPAEF57Y7V4",
      "customerName": "Hemingways Brewery Trinity",
      "totalNetSales": 25648.199999999997,
      "totalGrossSales": 28213.020000000004,
      "totalUnits": 601,
      "totalDiscounts": 2849.8000000000006,
      "purchaseCount": 27,
      "avgTicket": 949.9333333333333,
      "topProducts": [],
      "firstPurchase": "2025-06-09",
      "lastPurchase": "2025-09-23",
      "channels": [
        "Invoice Sales"
      ]
    },
    {
      "customerId": "R2YPEPAFQEQ7F70BS9J5SMZNE0",
      "customerName": "Hemingways Brewery FNQ Venue",
      "totalNetSales": 23076.9,
      "totalGrossSales": 25384.59,
      "totalUnits": 579,
      "totalDiscounts": 2564.1,
      "purchaseCount": 53,
      "avgTicket": 435.41320754716986,
      "topProducts": [],
      "firstPurchase": "2024-12-15",
      "lastPurchase": "2025-07-06",
      "channels": [
        "Invoice Sales"
      ]
    },
    {
      "customerId": "TZ9SMRST4ZY2267GE2591JSC6R",
      "customerName": "lee@hemingwaysbrewery.com",
      "totalNetSales": 22669.2,
      "totalGrossSales": 24936.12,
      "totalUnits": 576,
      "totalDiscounts": 2518.8,
      "purchaseCount": 11,
      "avgTicket": 2060.836363636364,
      "topProducts": [],
      "firstPurchase": "2025-10-10",
      "lastPurchase": "2025-10-16",
      "channels": [
        "Invoice Sales"
      ]
    },
    {
      "customerId": "8Q2SSKYA8DTDDWVE3H2BR79V84",
      "customerName": "Matt McMaster",
      "totalNetSales": 22474.8,
      "totalGrossSales": 24722.280000000002,
      "totalUnits": 504,
      "totalDiscounts": 2497.2000000000003,
      "purchaseCount": 27,
      "avgTicket": 832.4,
      "topProducts": [],
      "firstPurchase": "2024-12-30",
      "lastPurchase": "2025-10-07",
      "channels": [
        "Invoice Sales"
      ]
    },
    {
      "customerId": "08N9D60SG5SVA8KCP1YZ0SWJSW",
      "customerName": "Matt McMaster",
      "totalNetSales": 20965.800000000003,
      "totalGrossSales": 23062.380000000005,
      "totalUnits": 489,
      "totalDiscounts": 2116.2000000000003,
      "purchaseCount": 31,
      "avgTicket": 676.3161290322581,
      "topProducts": [],
      "firstPurchase": "2025-03-18",
      "lastPurchase": "2025-09-15",
      "channels": [
        "Invoice Sales"
      ]
    },
    {
      "customerId": "M60XSG0GHRW204K0X8JDYKYA5M",
      "customerName": "Paul McMahon",
      "totalNetSales": 19035.000000000004,
      "totalGrossSales": 20938.500000000004,
      "totalUnits": 438,
      "totalDiscounts": 2115,
      "purchaseCount": 26,
      "avgTicket": 732.1153846153848,
      "topProducts": [],
      "firstPurchase": "2024-12-30",
      "lastPurchase": "2025-10-16",
      "channels": [
        "Invoice Sales"
      ]
    },
    {
      "customerId": "4C0BGPNVK6QZVZM71WF9DQBP2C",
      "customerName": "Helen Carter",
      "totalNetSales": 17803.800000000003,
      "totalGrossSales": 19584.179999999997,
      "totalUnits": 578,
      "totalDiscounts": 1978.1999999999998,
      "purchaseCount": 31,
      "avgTicket": 574.3161290322581,
      "topProducts": [],
      "firstPurchase": "2024-12-21",
      "lastPurchase": "2025-10-09",
      "channels": [
        "Invoice Sales"
      ]
    },
    {
      "customerId": "0K666SQ9Z6K5GPCV5DVTTF80B8",
      "customerName": "Daniel Tiffin",
      "totalNetSales": 16967.700000000004,
      "totalGrossSales": 18664.470000000005,
      "totalUnits": 425,
      "totalDiscounts": 1795.3,
      "purchaseCount": 54,
      "avgTicket": 314.21666666666675,
      "topProducts": [],
      "firstPurchase": "2024-12-01",
      "lastPurchase": "2025-10-29",
      "channels": [
        "Invoice Sales"
      ]
    },
    {
      "customerId": "YCJHTJNQW18EG71FVT6ZNYSY5R",
      "customerName": "Chris Bower",
      "totalNetSales": 14052.6,
      "totalGrossSales": 15457.860000000002,
      "totalUnits": 377,
      "totalDiscounts": 1421.4,
      "purchaseCount": 116,
      "avgTicket": 121.14310344827587,
      "topProducts": [],
      "firstPurchase": "2024-12-04",
      "lastPurchase": "2025-11-10",
      "channels": [
        "Invoice Sales"
      ]
    },
    {
      "customerId": "DTE1RY0E0H164VCRT59FBMKEA8",
      "customerName": "Silky Oaks Lodge",
      "totalNetSales": 12797.600000000002,
      "totalGrossSales": 14077.360000000002,
      "totalUnits": 264,
      "totalDiscounts": 1362.4,
      "purchaseCount": 30,
      "avgTicket": 426.58666666666676,
      "topProducts": [],
      "firstPurchase": "2024-12-01",
      "lastPurchase": "2025-09-21",
      "channels": [
        "Invoice Sales"
      ]
    },
    {
      "customerId": "P1JSFF36QRZGAB15V1ECWFFP1W",
      "customerName": "Ricardo",
      "totalNetSales": 12627,
      "totalGrossSales": 13889.700000000008,
      "totalUnits": 350,
      "totalDiscounts": 1403,
      "purchaseCount": 40,
      "avgTicket": 315.675,
      "topProducts": [],
      "firstPurchase": "2024-12-01",
      "lastPurchase": "2025-11-02",
      "channels": [
        "Invoice Sales"
      ]
    },
    {
      "customerId": "541CHB2YZSCV1BA0NYS34MB4YG",
      "customerName": "Simon Macleod",
      "totalNetSales": 10136.350000000002,
      "totalGrossSales": 11149.98,
      "totalUnits": 261,
      "totalDiscounts": 1079.6499999999996,
      "purchaseCount": 115,
      "avgTicket": 88.1421739130435,
      "topProducts": [],
      "firstPurchase": "2024-12-04",
      "lastPurchase": "2025-10-27",
      "channels": [
        "Invoice Sales"
      ]
    },
    {
      "customerId": "3887RXKP3EYBK6SWADN12D1KCG",
      "customerName": "Hemingway's Brewery FNQ PD Manager",
      "totalNetSales": 8415.900000000001,
      "totalGrossSales": 9257.49,
      "totalUnits": 205,
      "totalDiscounts": 935.0999999999999,
      "purchaseCount": 11,
      "avgTicket": 765.0818181818183,
      "topProducts": [],
      "firstPurchase": "2025-05-06",
      "lastPurchase": "2025-05-06",
      "channels": [
        "Invoice Sales"
      ]
    },
    {
      "customerId": "7KKPCM3CH9H7VMTAW3QGP3FM7R",
      "customerName": "Nautilus Restaurant",
      "totalNetSales": 8272.8,
      "totalGrossSales": 9100.080000000002,
      "totalUnits": 223,
      "totalDiscounts": 919.2,
      "purchaseCount": 19,
      "avgTicket": 435.4105263157894,
      "topProducts": [],
      "firstPurchase": "2024-12-01",
      "lastPurchase": "2025-11-04",
      "channels": [
        "Invoice Sales"
      ]
    },
    {
      "customerId": "4TF43GRJHETSSH2AN9Y4YF20VM",
      "customerName": "Salsa",
      "totalNetSales": 8052.3,
      "totalGrossSales": 8857.530000000004,
      "totalUnits": 217,
      "totalDiscounts": 894.7,
      "purchaseCount": 37,
      "avgTicket": 217.62972972972975,
      "topProducts": [],
      "firstPurchase": "2024-12-01",
      "lastPurchase": "2025-11-10",
      "channels": [
        "Invoice Sales"
      ]
    },
    {
      "customerId": "NPAXZ9GHY7JFVXCS531CETVX3C",
      "customerName": "Sails Cairns",
      "totalNetSales": 8030.699999999999,
      "totalGrossSales": 8833.769999999999,
      "totalUnits": 176,
      "totalDiscounts": 892.2999999999998,
      "purchaseCount": 50,
      "avgTicket": 160.61399999999998,
      "topProducts": [],
      "firstPurchase": "2025-01-19",
      "lastPurchase": "2025-07-27",
      "channels": [
        "Invoice Sales"
      ]
    },
    {
      "customerId": "YTJAW901A55BZBK28KBAVHZ67G",
      "customerName": "Barbados",
      "totalNetSales": 6723,
      "totalGrossSales": 7395.299999999999,
      "totalUnits": 96,
      "totalDiscounts": 747,
      "purchaseCount": 36,
      "avgTicket": 186.75,
      "topProducts": [],
      "firstPurchase": "2025-01-29",
      "lastPurchase": "2025-10-15",
      "channels": [
        "Invoice Sales"
      ]
    },
    {
      "customerId": "D9MBHKGB34AEJB2P1E4KHXCF64",
      "customerName": "El Greko Lisa and James",
      "totalNetSales": 6312,
      "totalGrossSales": 6943.200000000001,
      "totalUnits": 162,
      "totalDiscounts": 168,
      "purchaseCount": 26,
      "avgTicket": 242.76923076923077,
      "topProducts": [],
      "firstPurchase": "2024-12-10",
      "lastPurchase": "2025-11-12",
      "channels": [
        "Invoice Sales"
      ]
    },
    {
      "customerId": "SEQ9KWMV1JAN7BH4X9TCHEY0A0",
      "customerName": "Chris Sims",
      "totalNetSales": 4104,
      "totalGrossSales": 4514.4,
      "totalUnits": 114,
      "totalDiscounts": 456,
      "purchaseCount": 3,
      "avgTicket": 1368,
      "topProducts": [],
      "firstPurchase": "2025-01-15",
      "lastPurchase": "2025-02-18",
      "channels": [
        "Invoice Sales"
      ]
    },
    {
      "customerId": "TKGETG8VGWVBKNH2VSM6ZF59DR",
      "customerName": "Accounts",
      "totalNetSales": 3753,
      "totalGrossSales": 4128.299999999999,
      "totalUnits": 102,
      "totalDiscounts": 417,
      "purchaseCount": 14,
      "avgTicket": 268.07142857142856,
      "topProducts": [],
      "firstPurchase": "2024-12-01",
      "lastPurchase": "2025-10-30",
      "channels": [
        "Invoice Sales"
      ]
    },
    {
      "customerId": "2HWBRM628P8WXVF3A1RAHYG4XW",
      "customerName": "Daintree Eco Lodge",
      "totalNetSales": 3611,
      "totalGrossSales": 3972.1000000000013,
      "totalUnits": 68,
      "totalDiscounts": 39,
      "purchaseCount": 37,
      "avgTicket": 97.5945945945946,
      "topProducts": [],
      "firstPurchase": "2024-12-10",
      "lastPurchase": "2025-10-21",
      "channels": [
        "Invoice Sales"
      ]
    },
    {
      "customerId": "V4PT7A3BK2EHHYKA9D9VJ4KKJW",
      "customerName": "Daven Martin",
      "totalNetSales": 3477.6,
      "totalGrossSales": 3825.3599999999997,
      "totalUnits": 168,
      "totalDiscounts": 50.4,
      "purchaseCount": 6,
      "avgTicket": 579.6,
      "topProducts": [],
      "firstPurchase": "2024-12-31",
      "lastPurchase": "2025-10-15",
      "channels": [
        "Invoice Sales"
      ]
    },
    {
      "customerId": "HVK1YS9351XNJ340NFRTFGJC40",
      "customerName": "Tom de",
      "totalNetSales": 3148.3599999999997,
      "totalGrossSales": 3463.2,
      "totalUnits": 30,
      "totalDiscounts": 256.8,
      "purchaseCount": 15,
      "avgTicket": 209.89066666666665,
      "topProducts": [],
      "firstPurchase": "2025-03-19",
      "lastPurchase": "2025-10-21",
      "channels": [
        "Devils Thumb Distillery"
      ]
    },
    {
      "customerId": "29XHS72W7DYBCF4PKP2ZWWQED8",
      "customerName": "Hemingways Brewery Cairns Providore",
      "totalNetSales": 2898.8999999999996,
      "totalGrossSales": 3188.7900000000004,
      "totalUnits": 53,
      "totalDiscounts": 322.09999999999997,
      "purchaseCount": 10,
      "avgTicket": 289.89,
      "topProducts": [],
      "firstPurchase": "2025-03-10",
      "lastPurchase": "2025-06-09",
      "channels": [
        "Invoice Sales"
      ]
    },
    {
      "customerId": "N6HB40W73FT60VTRDF7PKKCDCG",
      "customerName": "Tracy Cross",
      "totalNetSales": 2663.1,
      "totalGrossSales": 2929.4100000000008,
      "totalUnits": 33,
      "totalDiscounts": 141.9,
      "purchaseCount": 6,
      "avgTicket": 443.84999999999997,
      "topProducts": [],
      "firstPurchase": "2024-12-04",
      "lastPurchase": "2025-11-05",
      "channels": [
        "Invoice Sales"
      ]
    },
    {
      "customerId": "M3G7FZRXGYPZG4J183N9B3MZWG",
      "customerName": "Oaks Port Douglas F&B 1063 Just Bourke",
      "totalNetSales": 2592,
      "totalGrossSales": 2851.2,
      "totalUnits": 72,
      "totalDiscounts": 288,
      "purchaseCount": 10,
      "avgTicket": 259.2,
      "topProducts": [],
      "firstPurchase": "2025-06-11",
      "lastPurchase": "2025-07-23",
      "channels": [
        "Invoice Sales"
      ]
    },
    {
      "customerId": "1G8CHF2F2901Y8PJEM9APBXN4W",
      "customerName": "DANS - Earlville DM (ALH) (NQ) - 2748",
      "totalNetSales": 2442.27,
      "totalGrossSales": 2686.4999999999995,
      "totalUnits": 42,
      "totalDiscounts": 119.72999999999999,
      "purchaseCount": 7,
      "avgTicket": 348.8957142857143,
      "topProducts": [],
      "firstPurchase": "2025-02-12",
      "lastPurchase": "2025-11-05",
      "channels": [
        "Invoice Sales"
      ]
    },
    {
      "customerId": "W5411DYP3E6VPF3ZM64CWYSPSR",
      "customerName": "david Connor",
      "totalNetSales": 2362.5,
      "totalGrossSales": 2598.75,
      "totalUnits": 57,
      "totalDiscounts": 337.5,
      "purchaseCount": 7,
      "avgTicket": 337.5,
      "topProducts": [],
      "firstPurchase": "2024-12-10",
      "lastPurchase": "2025-11-12",
      "channels": [
        "Invoice Sales"
      ]
    },
    {
      "customerId": "AA0Y3PXWWE9RPZ88C6QN1WAC7M",
      "customerName": "Cape Tribulation Camping Jacklyn Kiernan",
      "totalNetSales": 2328,
      "totalGrossSales": 2560.8,
      "totalUnits": 72,
      "totalDiscounts": 0,
      "purchaseCount": 3,
      "avgTicket": 776,
      "topProducts": [],
      "firstPurchase": "2025-03-26",
      "lastPurchase": "2025-10-06",
      "channels": [
        "Invoice Sales"
      ]
    },
    {
      "customerId": "NFZTDC3J0ZK1PVHDZVBJ3EVJQ0",
      "customerName": "Dans - Smithfield",
      "totalNetSales": 2160.6400000000003,
      "totalGrossSales": 2376.7000000000003,
      "totalUnits": 36,
      "totalDiscounts": 239.36,
      "purchaseCount": 6,
      "avgTicket": 360.10666666666674,
      "topProducts": [],
      "firstPurchase": "2024-12-10",
      "lastPurchase": "2025-11-05",
      "channels": [
        "Invoice Sales"
      ]
    },
    {
      "customerId": "FV1FS0KQD2B2K4H0PKC5VJ7Y34",
      "customerName": "Jungle Fowl",
      "totalNetSales": 2065.5,
      "totalGrossSales": 2272.0499999999997,
      "totalUnits": 34,
      "totalDiscounts": 229.5,
      "purchaseCount": 7,
      "avgTicket": 295.07142857142856,
      "topProducts": [],
      "firstPurchase": "2025-05-07",
      "lastPurchase": "2025-06-11",
      "channels": [
        "Invoice Sales"
      ]
    },
    {
      "customerId": "Y0548HJQB1568N391M4CJ65W70",
      "customerName": "Leigh Murphy",
      "totalNetSales": 1400.3700000000001,
      "totalGrossSales": 1540.3999999999999,
      "totalUnits": 20,
      "totalDiscounts": 234.6,
      "purchaseCount": 10,
      "avgTicket": 140.037,
      "topProducts": [],
      "firstPurchase": "2025-05-04",
      "lastPurchase": "2025-10-25",
      "channels": [
        "Devils Thumb Distillery"
      ]
    },
    {
      "customerId": "E642MGFW7QC93X4N48HR4FS1FW",
      "customerName": "Bam Pow Rachel Hutchinson",
      "totalNetSales": 1400,
      "totalGrossSales": 1540,
      "totalUnits": 35,
      "totalDiscounts": 0,
      "purchaseCount": 12,
      "avgTicket": 116.66666666666667,
      "topProducts": [],
      "firstPurchase": "2024-12-10",
      "lastPurchase": "2025-10-23",
      "channels": [
        "Invoice Sales"
      ]
    },
    {
      "customerId": "D82SMQAYXDET6PRXFHH19S9RS4",
      "customerName": "Rads",
      "totalNetSales": 1368,
      "totalGrossSales": 1504.8,
      "totalUnits": 36,
      "totalDiscounts": 72,
      "purchaseCount": 6,
      "avgTicket": 228,
      "topProducts": [],
      "firstPurchase": "2025-04-28",
      "lastPurchase": "2025-10-08",
      "channels": [
        "Invoice Sales"
      ]
    },
    {
      "customerId": "9DQ2RH2P3N57FQT98SN8XY9YK8",
      "customerName": "Rowan",
      "totalNetSales": 1332,
      "totalGrossSales": 1465.2,
      "totalUnits": 23,
      "totalDiscounts": 0,
      "purchaseCount": 20,
      "avgTicket": 66.6,
      "topProducts": [],
      "firstPurchase": "2024-12-31",
      "lastPurchase": "2025-10-13",
      "channels": [
        "Invoice Sales"
      ]
    },
    {
      "customerId": "H7PPRW1PVXRYN6SA12PJ4PM8B4",
      "customerName": "Aradhna Crabb",
      "totalNetSales": 1128,
      "totalGrossSales": 1240.8,
      "totalUnits": 30,
      "totalDiscounts": 72,
      "purchaseCount": 4,
      "avgTicket": 282,
      "topProducts": [],
      "firstPurchase": "2025-03-30",
      "lastPurchase": "2025-05-19",
      "channels": [
        "Invoice Sales"
      ]
    },
    {
      "customerId": "6KRGP94M1XWDZRH1DDYNAFGDPR",
      "customerName": "Surfy Port Douglas",
      "totalNetSales": 1080,
      "totalGrossSales": 1188,
      "totalUnits": 30,
      "totalDiscounts": 120,
      "purchaseCount": 5,
      "avgTicket": 216,
      "topProducts": [],
      "firstPurchase": "2024-12-17",
      "lastPurchase": "2025-04-01",
      "channels": [
        "Invoice Sales"
      ]
    },
    {
      "customerId": "BSXEWY73GCGK771H04BPDAJND4",
      "customerName": "Paramount Pty Ltd",
      "totalNetSales": 1074,
      "totalGrossSales": 1181.4,
      "totalUnits": 18,
      "totalDiscounts": 0,
      "purchaseCount": 3,
      "avgTicket": 358,
      "topProducts": [],
      "firstPurchase": "2025-01-19",
      "lastPurchase": "2025-01-19",
      "channels": [
        "Invoice Sales"
      ]
    },
    {
      "customerId": "Y21DH3B1ST99JMR4VY27KFKF64",
      "customerName": "Cosmos",
      "totalNetSales": 1044,
      "totalGrossSales": 1148.4,
      "totalUnits": 27,
      "totalDiscounts": 96,
      "purchaseCount": 4,
      "avgTicket": 261,
      "topProducts": [],
      "firstPurchase": "2025-07-27",
      "lastPurchase": "2025-08-29",
      "channels": [
        "Invoice Sales"
      ]
    },
    {
      "customerId": "ZKZSMQXVFW4CEX875FM2XA34QM",
      "customerName": "Nigel Walsh",
      "totalNetSales": 999.4,
      "totalGrossSales": 1099.3400000000001,
      "totalUnits": 17,
      "totalDiscounts": 23.6,
      "purchaseCount": 8,
      "avgTicket": 124.925,
      "topProducts": [],
      "firstPurchase": "2024-12-18",
      "lastPurchase": "2025-10-01",
      "channels": [
        "Invoice Sales"
      ]
    },
    {
      "customerId": "4XYD412F8WKQ947C4G9S0QF0R0",
      "customerName": "Colin Barton",
      "totalNetSales": 955.09,
      "totalGrossSales": 1050.6,
      "totalUnits": 13,
      "totalDiscounts": 188.4,
      "purchaseCount": 6,
      "avgTicket": 159.18166666666667,
      "topProducts": [],
      "firstPurchase": "2025-06-27",
      "lastPurchase": "2025-09-02",
      "channels": [
        "Devils Thumb Distillery"
      ]
    },
    {
      "customerId": "397QDTSXWHMJFZ0ABQ5T8FYR60",
      "customerName": "Reef Resort",
      "totalNetSales": 930,
      "totalGrossSales": 1023,
      "totalUnits": 21,
      "totalDiscounts": 0,
      "purchaseCount": 7,
      "avgTicket": 132.85714285714286,
      "topProducts": [],
      "firstPurchase": "2025-01-15",
      "lastPurchase": "2025-10-06",
      "channels": [
        "Invoice Sales"
      ]
    },
    {
      "customerId": "V5TKHVWTGETAX2PFDEFH4WK5Q8",
      "customerName": "neil delaney",
      "totalNetSales": 930,
      "totalGrossSales": 1023,
      "totalUnits": 18,
      "totalDiscounts": 0,
      "purchaseCount": 5,
      "avgTicket": 186,
      "topProducts": [],
      "firstPurchase": "2025-01-06",
      "lastPurchase": "2025-07-29",
      "channels": [
        "Invoice Sales"
      ]
    },
    {
      "customerId": "XF7CTD36VKM7CP48TGG2E8B3FG",
      "customerName": "Tracey",
      "totalNetSales": 924,
      "totalGrossSales": 1016.4,
      "totalUnits": 18,
      "totalDiscounts": 66,
      "purchaseCount": 3,
      "avgTicket": 308,
      "topProducts": [],
      "firstPurchase": "2025-03-26",
      "lastPurchase": "2025-11-06",
      "channels": [
        "Invoice Sales"
      ]
    },
    {
      "customerId": "HB38GRHJA2WTQ0FMH6CJGZ20XG",
      "customerName": "Sally Costin",
      "totalNetSales": 924,
      "totalGrossSales": 1016.4,
      "totalUnits": 18,
      "totalDiscounts": 66,
      "purchaseCount": 2,
      "avgTicket": 462,
      "topProducts": [],
      "firstPurchase": "2025-04-28",
      "lastPurchase": "2025-08-11",
      "channels": [
        "Invoice Sales"
      ]
    },
    {
      "customerId": "SR8J3DRKJCZDWZHZG65MG9M5CR",
      "customerName": "Beach Shack La Cucina + Bar Giorgio Simonetti",
      "totalNetSales": 864,
      "totalGrossSales": 950.4,
      "totalUnits": 24,
      "totalDiscounts": 96,
      "purchaseCount": 3,
      "avgTicket": 288,
      "topProducts": [],
      "firstPurchase": "2024-12-23",
      "lastPurchase": "2024-12-23",
      "channels": [
        "Invoice Sales"
      ]
    },
    {
      "customerId": "VV7TYTAAJX7JHC5ECFC2GTNSTR",
      "customerName": "Racheal Kuczma",
      "totalNetSales": 828.8199999999999,
      "totalGrossSales": 911.7,
      "totalUnits": 11,
      "totalDiscounts": 101.3,
      "purchaseCount": 6,
      "avgTicket": 138.13666666666666,
      "topProducts": [],
      "firstPurchase": "2024-11-30",
      "lastPurchase": "2025-05-13",
      "channels": [
        "Devils Thumb Distillery"
      ]
    },
    {
      "customerId": "H1TJM447Q0AX11A0HKF19TYQZ0",
      "customerName": "Tony Thomas",
      "totalNetSales": 782.87,
      "totalGrossSales": 868.2500000000001,
      "totalUnits": 15,
      "totalDiscounts": 114.2,
      "purchaseCount": 14,
      "avgTicket": 55.919285714285714,
      "topProducts": [],
      "firstPurchase": "2024-12-29",
      "lastPurchase": "2025-09-19",
      "channels": [
        "Cellar Door and Online"
      ]
    },
    {
      "customerId": "G5EEF57S6XXRGXW1DJGME174YG",
      "customerName": "Aradhna",
      "totalNetSales": 720,
      "totalGrossSales": 792,
      "totalUnits": 18,
      "totalDiscounts": 0,
      "purchaseCount": 2,
      "avgTicket": 360,
      "topProducts": [],
      "firstPurchase": "2025-09-01",
      "lastPurchase": "2025-09-01",
      "channels": [
        "Invoice Sales"
      ]
    },
    {
      "customerId": "P5QAR8MDQD64V9VG548ZY3PXFW",
      "customerName": "Carley Elsum",
      "totalNetSales": 718,
      "totalGrossSales": 789.8,
      "totalUnits": 17,
      "totalDiscounts": 0,
      "purchaseCount": 3,
      "avgTicket": 239.33333333333334,
      "topProducts": [],
      "firstPurchase": "2025-08-18",
      "lastPurchase": "2025-10-09",
      "channels": [
        "Invoice Sales"
      ]
    },
    {
      "customerId": "DX8HME7AX63WGTWGSMQ36K40TG",
      "customerName": "Daintree Wilderness Lodge Vivienne Stefanutti",
      "totalNetSales": 716,
      "totalGrossSales": 787.6000000000001,
      "totalUnits": 13,
      "totalDiscounts": 0,
      "purchaseCount": 9,
      "avgTicket": 79.55555555555556,
      "topProducts": [],
      "firstPurchase": "2025-10-24",
      "lastPurchase": "2025-10-24",
      "channels": [
        "Invoice Sales"
      ]
    },
    {
      "customerId": "XX6JT6RZPQ4X1GPY4M8EKXVFQC",
      "customerName": "Crossroads Cafe Che Mulley",
      "totalNetSales": 691.2,
      "totalGrossSales": 760.3199999999999,
      "totalUnits": 15,
      "totalDiscounts": 76.80000000000001,
      "purchaseCount": 5,
      "avgTicket": 138.24,
      "topProducts": [],
      "firstPurchase": "2025-11-09",
      "lastPurchase": "2025-11-09",
      "channels": [
        "Invoice Sales"
      ]
    },
    {
      "customerId": "X6F9QHXZC3QJ779ZSACAY8276G",
      "customerName": "Craig Thompson",
      "totalNetSales": 666.8199999999999,
      "totalGrossSales": 733.5,
      "totalUnits": 9,
      "totalDiscounts": 81.5,
      "purchaseCount": 5,
      "avgTicket": 133.36399999999998,
      "topProducts": [],
      "firstPurchase": "2024-12-04",
      "lastPurchase": "2025-01-09",
      "channels": [
        "Cellar Door and Online"
      ]
    },
    {
      "customerId": "7D0809C7C05GY7YK0G5EAG314G",
      "customerName": "Vincenzo Di Cugno",
      "totalNetSales": 650.1,
      "totalGrossSales": 715.1099999999999,
      "totalUnits": 14,
      "totalDiscounts": 58.9,
      "purchaseCount": 5,
      "avgTicket": 130.02,
      "topProducts": [],
      "firstPurchase": "2025-04-16",
      "lastPurchase": "2025-08-03",
      "channels": [
        "Invoice Sales"
      ]
    },
    {
      "customerId": "DHG1VKTFVNF45QPYJRXV4PVNRM",
      "customerName": "Lesley Johnston",
      "totalNetSales": 648,
      "totalGrossSales": 712.8,
      "totalUnits": 18,
      "totalDiscounts": 72,
      "purchaseCount": 3,
      "avgTicket": 216,
      "topProducts": [],
      "firstPurchase": "2025-07-20",
      "lastPurchase": "2025-08-20",
      "channels": [
        "Invoice Sales"
      ]
    },
    {
      "customerId": "YR3GNDT2T96HHE77VQTQEKVST8",
      "customerName": "Robin Anderson",
      "totalNetSales": 637,
      "totalGrossSales": 700.7,
      "totalUnits": 9,
      "totalDiscounts": 113.3,
      "purchaseCount": 6,
      "avgTicket": 106.16666666666667,
      "topProducts": [],
      "firstPurchase": "2025-04-24",
      "lastPurchase": "2025-05-19",
      "channels": [
        "Devils Thumb Distillery",
        "Cellar Door and Online"
      ]
    },
    {
      "customerId": "GPD2Q7PAPSKS7TAEA8EMDEF290",
      "customerName": "Chris Howard",
      "totalNetSales": 618.5500000000001,
      "totalGrossSales": 680.4,
      "totalUnits": 6,
      "totalDiscounts": 75.6,
      "purchaseCount": 4,
      "avgTicket": 154.63750000000002,
      "topProducts": [],
      "firstPurchase": "2025-09-11",
      "lastPurchase": "2025-09-11",
      "channels": [
        "Cellar Door and Online"
      ]
    },
    {
      "customerId": "0T3D8JB2XEBZS13CGJBT1MRCT8",
      "customerName": "Janice O",
      "totalNetSales": 617.63,
      "totalGrossSales": 679.4,
      "totalUnits": 8,
      "totalDiscounts": 55.599999999999994,
      "purchaseCount": 8,
      "avgTicket": 77.20375,
      "topProducts": [],
      "firstPurchase": "2025-02-20",
      "lastPurchase": "2025-06-29",
      "channels": [
        "Devils Thumb Distillery"
      ]
    },
    {
      "customerId": "WPFGWYPA2PMX1AW52ZZ88XDDM0",
      "customerName": "Roger Marion",
      "totalNetSales": 589.5,
      "totalGrossSales": 648.45,
      "totalUnits": 8,
      "totalDiscounts": 143.55,
      "purchaseCount": 3,
      "avgTicket": 196.5,
      "topProducts": [],
      "firstPurchase": "2025-02-03",
      "lastPurchase": "2025-06-26",
      "channels": [
        "Devils Thumb Distillery"
      ]
    },
    {
      "customerId": "JZC2HJ43G17D513Q83EHSNWWD4",
      "customerName": "Louise Barry",
      "totalNetSales": 538.6800000000001,
      "totalGrossSales": 592.55,
      "totalUnits": 8,
      "totalDiscounts": 131.45,
      "purchaseCount": 4,
      "avgTicket": 134.67000000000002,
      "topProducts": [],
      "firstPurchase": "2025-02-01",
      "lastPurchase": "2025-05-18",
      "channels": [
        "Devils Thumb Distillery"
      ]
    },
    {
      "customerId": "6CV0WCZKKHST8D46HR41CCQS6M",
      "customerName": "Robert.mr Albanesi",
      "totalNetSales": 528.1800000000001,
      "totalGrossSales": 581,
      "totalUnits": 7,
      "totalDiscounts": 48,
      "purchaseCount": 2,
      "avgTicket": 264.09000000000003,
      "topProducts": [],
      "firstPurchase": "2025-02-27",
      "lastPurchase": "2025-02-27",
      "channels": [
        "Cellar Door and Online"
      ]
    },
    {
      "customerId": "DDMAQN41BX2P9BNPG7CE42TXSR",
      "customerName": "Lucy Stanton",
      "totalNetSales": 526.6999999999999,
      "totalGrossSales": 581.9200000000001,
      "totalUnits": 6,
      "totalDiscounts": 64.4,
      "purchaseCount": 5,
      "avgTicket": 105.33999999999999,
      "topProducts": [],
      "firstPurchase": "2024-12-11",
      "lastPurchase": "2025-05-15",
      "channels": [
        "Cellar Door and Online"
      ]
    },
    {
      "customerId": "QZG2ZZ023P8QWQ821X0H4H0P90",
      "customerName": "Kerrie Jones",
      "totalNetSales": 515.74,
      "totalGrossSales": 568.24,
      "totalUnits": 13,
      "totalDiscounts": 45.6,
      "purchaseCount": 10,
      "avgTicket": 51.574,
      "topProducts": [],
      "firstPurchase": "2025-01-10",
      "lastPurchase": "2025-08-15",
      "channels": [
        "Cellar Door and Online"
      ]
    },
    {
      "customerId": "CCAG817PG15FKFDJ7623P1GWJW",
      "customerName": "Nickolas Bennett",
      "totalNetSales": 504.73,
      "totalGrossSales": 555.1999999999999,
      "totalUnits": 9,
      "totalDiscounts": 45.79999999999999,
      "purchaseCount": 8,
      "avgTicket": 63.09125,
      "topProducts": [],
      "firstPurchase": "2025-01-24",
      "lastPurchase": "2025-06-05",
      "channels": [
        "Devils Thumb Distillery",
        "Cellar Door and Online"
      ]
    },
    {
      "customerId": "PX9JGD06DH0GD0Y2PVZPV73S78",
      "customerName": "Jane McKellar",
      "totalNetSales": 500,
      "totalGrossSales": 550,
      "totalUnits": 9,
      "totalDiscounts": 110,
      "purchaseCount": 6,
      "avgTicket": 83.33333333333333,
      "topProducts": [],
      "firstPurchase": "2025-01-16",
      "lastPurchase": "2025-06-26",
      "channels": [
        "Devils Thumb Distillery"
      ]
    },
    {
      "customerId": "NPRPXJSHQWMYH8Z4JETM6ZCTK8",
      "customerName": "William Summers",
      "totalNetSales": 477.73,
      "totalGrossSales": 525.5,
      "totalUnits": 7,
      "totalDiscounts": 49.5,
      "purchaseCount": 3,
      "avgTicket": 159.24333333333334,
      "topProducts": [],
      "firstPurchase": "2025-11-01",
      "lastPurchase": "2025-11-01",
      "channels": [
        "Devils Thumb Distillery"
      ]
    },
    {
      "customerId": "SW0BCNSBNCMG8KFRFT7117TT28",
      "customerName": "sales@cisirrigation.com.au",
      "totalNetSales": 475.74,
      "totalGrossSales": 530.8100000000001,
      "totalUnits": 7,
      "totalDiscounts": 131,
      "purchaseCount": 3,
      "avgTicket": 158.58,
      "topProducts": [],
      "firstPurchase": "2025-06-26",
      "lastPurchase": "2025-06-26",
      "channels": [
        "Cellar Door and Online"
      ]
    },
    {
      "customerId": "BNHSJJVQ2TXDNEJF43ZD0QFRE8",
      "customerName": "Robert Munro",
      "totalNetSales": 472.09000000000003,
      "totalGrossSales": 519.3000000000001,
      "totalUnits": 10,
      "totalDiscounts": 39.699999999999996,
      "purchaseCount": 7,
      "avgTicket": 67.44142857142857,
      "topProducts": [],
      "firstPurchase": "2025-01-09",
      "lastPurchase": "2025-03-11",
      "channels": [
        "Devils Thumb Distillery",
        "Cellar Door and Online"
      ]
    },
    {
      "customerId": "XHEXV00QQTBY3Z1RNJYXCE7288",
      "customerName": "Macalister Brewing Co",
      "totalNetSales": 464,
      "totalGrossSales": 510.4,
      "totalUnits": 8,
      "totalDiscounts": 0,
      "purchaseCount": 2,
      "avgTicket": 232,
      "topProducts": [],
      "firstPurchase": "2025-01-19",
      "lastPurchase": "2025-04-23",
      "channels": [
        "Invoice Sales"
      ]
    },
    {
      "customerId": "YCC94402BA0FY9CAMQDD8FGFD8",
      "customerName": "Joanne Hayes",
      "totalNetSales": 454.9,
      "totalGrossSales": 500.4,
      "totalUnits": 6,
      "totalDiscounts": 55.599999999999994,
      "purchaseCount": 6,
      "avgTicket": 75.81666666666666,
      "topProducts": [],
      "firstPurchase": "2025-04-07",
      "lastPurchase": "2025-08-08",
      "channels": [
        "Devils Thumb Distillery"
      ]
    },
    {
      "customerId": "9TFNPZGEK5PRK4BFDB6C0XKN2M",
      "customerName": "",
      "totalNetSales": 450.45,
      "totalGrossSales": 495.5,
      "totalUnits": 27,
      "totalDiscounts": 55.5,
      "purchaseCount": 11,
      "avgTicket": 40.949999999999996,
      "topProducts": [],
      "firstPurchase": "2024-12-29",
      "lastPurchase": "2024-12-29",
      "channels": [
        "Cellar Door and Online"
      ]
    },
    {
      "customerId": "B84QJ4P35H3KB8ZXTJECXCR5VW",
      "customerName": "Anne Deegan",
      "totalNetSales": 443.33,
      "totalGrossSales": 494.65,
      "totalUnits": 7,
      "totalDiscounts": 61.69999999999999,
      "purchaseCount": 7,
      "avgTicket": 63.332857142857144,
      "topProducts": [],
      "firstPurchase": "2025-10-23",
      "lastPurchase": "2025-10-23",
      "channels": [
        "Cellar Door and Online"
      ]
    },
    {
      "customerId": "87DG9GDHDMG8528938T7N4RHS8",
      "customerName": "sreekanth chinthakunta",
      "totalNetSales": 438.78999999999996,
      "totalGrossSales": 489.58000000000004,
      "totalUnits": 6,
      "totalDiscounts": 53.699999999999996,
      "purchaseCount": 5,
      "avgTicket": 87.758,
      "topProducts": [],
      "firstPurchase": "2025-06-16",
      "lastPurchase": "2025-06-16",
      "channels": [
        "Cellar Door and Online"
      ]
    },
    {
      "customerId": "Y7TDG5CK1VH6GM579RSE7HGWQG",
      "customerName": "Coral Beach Backpackers Giovi Pty Ltd",
      "totalNetSales": 432,
      "totalGrossSales": 475.2,
      "totalUnits": 12,
      "totalDiscounts": 48,
      "purchaseCount": 2,
      "avgTicket": 216,
      "topProducts": [],
      "firstPurchase": "2025-10-06",
      "lastPurchase": "2025-10-06",
      "channels": [
        "Invoice Sales"
      ]
    },
    {
      "customerId": "XWFR73SR7KMVPBBCJ7STKQ8PRR",
      "customerName": "Hemingways Brewery FNQ Providore",
      "totalNetSales": 432,
      "totalGrossSales": 475.2,
      "totalUnits": 12,
      "totalDiscounts": 48,
      "purchaseCount": 1,
      "avgTicket": 432,
      "topProducts": [],
      "firstPurchase": "2024-12-15",
      "lastPurchase": "2024-12-15",
      "channels": [
        "Invoice Sales"
      ]
    },
    {
      "customerId": "FBJB0HQQX168V9X825MK1JB9Q8",
      "customerName": "PAUL QUINN",
      "totalNetSales": 429.63,
      "totalGrossSales": 472.59999999999997,
      "totalUnits": 6,
      "totalDiscounts": 83.4,
      "purchaseCount": 4,
      "avgTicket": 107.4075,
      "topProducts": [],
      "firstPurchase": "2024-12-01",
      "lastPurchase": "2025-06-28",
      "channels": [
        "Devils Thumb Distillery"
      ]
    },
    {
      "customerId": "7HR8X9T498TCQH97K8KDNBVF6C",
      "customerName": "Chris Stonier",
      "totalNetSales": 423.81999999999994,
      "totalGrossSales": 466.2,
      "totalUnits": 6,
      "totalDiscounts": 51.8,
      "purchaseCount": 6,
      "avgTicket": 70.63666666666666,
      "topProducts": [],
      "firstPurchase": "2025-02-07",
      "lastPurchase": "2025-08-07",
      "channels": [
        "Devils Thumb Distillery"
      ]
    },
    {
      "customerId": "HF7YM8K2CHT051K60D5PCYHZZR",
      "customerName": "",
      "totalNetSales": 422.45,
      "totalGrossSales": 471.34999999999997,
      "totalUnits": 5,
      "totalDiscounts": 29.7,
      "purchaseCount": 3,
      "avgTicket": 140.81666666666666,
      "topProducts": [],
      "firstPurchase": "2025-07-17",
      "lastPurchase": "2025-07-17",
      "channels": [
        "Cellar Door and Online"
      ]
    },
    {
      "customerId": "7CTXBR6SY95WN74PS1DK3E89F8",
      "customerName": "Niramaya",
      "totalNetSales": 402,
      "totalGrossSales": 442.2,
      "totalUnits": 6,
      "totalDiscounts": 0,
      "purchaseCount": 2,
      "avgTicket": 201,
      "topProducts": [],
      "firstPurchase": "2024-12-25",
      "lastPurchase": "2024-12-25",
      "channels": [
        "Invoice Sales"
      ]
    },
    {
      "customerId": "YVRK2EEC056PV09KEYPEF49CBW",
      "customerName": "Tracey Wescombe",
      "totalNetSales": 400.90000000000003,
      "totalGrossSales": 441,
      "totalUnits": 6,
      "totalDiscounts": 49,
      "purchaseCount": 4,
      "avgTicket": 100.22500000000001,
      "topProducts": [],
      "firstPurchase": "2024-12-04",
      "lastPurchase": "2025-10-02",
      "channels": [
        "Devils Thumb Distillery"
      ]
    },
    {
      "customerId": "6EKSVKP9ZC84GDWWPED54JBFP0",
      "customerName": "Brass Bookie",
      "totalNetSales": 398,
      "totalGrossSales": 437.8,
      "totalUnits": 6,
      "totalDiscounts": 0,
      "purchaseCount": 3,
      "avgTicket": 132.66666666666666,
      "topProducts": [],
      "firstPurchase": "2025-05-27",
      "lastPurchase": "2025-05-27",
      "channels": [
        "Invoice Sales"
      ]
    },
    {
      "customerId": "HP1F35Q1HTTM65MGYTQMKY4YDC",
      "customerName": "juliafstanford@gmail.com",
      "totalNetSales": 395.21000000000004,
      "totalGrossSales": 440.96,
      "totalUnits": 5,
      "totalDiscounts": 59.7,
      "purchaseCount": 4,
      "avgTicket": 98.80250000000001,
      "topProducts": [],
      "firstPurchase": "2025-07-03",
      "lastPurchase": "2025-07-03",
      "channels": [
        "Cellar Door and Online"
      ]
    },
    {
      "customerId": "F53YBWWV16KAFAGX1MMBVHAVW4",
      "customerName": "Joseph Buccheri",
      "totalNetSales": 392.73,
      "totalGrossSales": 432,
      "totalUnits": 6,
      "totalDiscounts": 48,
      "purchaseCount": 1,
      "avgTicket": 392.73,
      "topProducts": [],
      "firstPurchase": "2025-10-20",
      "lastPurchase": "2025-10-20",
      "channels": [
        "Devils Thumb Distillery"
      ]
    },
    {
      "customerId": "S3TECH83HX3WH3W3H7KV5XNPAR",
      "customerName": "J Grime",
      "totalNetSales": 392.46999999999997,
      "totalGrossSales": 434.81,
      "totalUnits": 6,
      "totalDiscounts": 48,
      "purchaseCount": 4,
      "avgTicket": 98.11749999999999,
      "topProducts": [],
      "firstPurchase": "2025-02-06",
      "lastPurchase": "2025-10-17",
      "channels": [
        "Cellar Door and Online"
      ]
    },
    {
      "customerId": "KN2RQ5EFP96DB9FVVDBTG6HF3C",
      "customerName": "Megan Cree",
      "totalNetSales": 382.82,
      "totalGrossSales": 424.84000000000003,
      "totalUnits": 5,
      "totalDiscounts": 10,
      "purchaseCount": 3,
      "avgTicket": 127.60666666666667,
      "topProducts": [],
      "firstPurchase": "2025-09-13",
      "lastPurchase": "2025-10-10",
      "channels": [
        "Devils Thumb Distillery",
        "Cellar Door and Online"
      ]
    },
    {
      "customerId": "CP64FQTVDN26BFWPDQCBDG6K08",
      "customerName": "Anne-maree Barron",
      "totalNetSales": 381.06,
      "totalGrossSales": 420.14,
      "totalUnits": 7,
      "totalDiscounts": 39,
      "purchaseCount": 3,
      "avgTicket": 127.02,
      "topProducts": [],
      "firstPurchase": "2025-08-16",
      "lastPurchase": "2025-11-01",
      "channels": [
        "Devils Thumb Distillery",
        "Cellar Door and Online"
      ]
    },
    {
      "customerId": "PSNYYRKAKTJTY14CRXM1TZRT6R",
      "customerName": "Michael Bull",
      "totalNetSales": 380,
      "totalGrossSales": 418,
      "totalUnits": 8,
      "totalDiscounts": 10,
      "purchaseCount": 8,
      "avgTicket": 47.5,
      "topProducts": [],
      "firstPurchase": "2025-02-08",
      "lastPurchase": "2025-06-12",
      "channels": [
        "Cellar Door and Online"
      ]
    },
    {
      "customerId": "ZBCF28M7D174V68VV0CVG3J3Q0",
      "customerName": "Jasmine Rohan",
      "totalNetSales": 378.73,
      "totalGrossSales": 416.6,
      "totalUnits": 5,
      "totalDiscounts": 26.4,
      "purchaseCount": 5,
      "avgTicket": 75.74600000000001,
      "topProducts": [],
      "firstPurchase": "2025-04-27",
      "lastPurchase": "2025-07-11",
      "channels": [
        "Devils Thumb Distillery"
      ]
    },
    {
      "customerId": "558CK97XC10YVZQHKMPQEJCWBC",
      "customerName": "",
      "totalNetSales": 371.09,
      "totalGrossSales": 408.2,
      "totalUnits": 11,
      "totalDiscounts": 55.8,
      "purchaseCount": 7,
      "avgTicket": 53.012857142857136,
      "topProducts": [],
      "firstPurchase": "2025-01-10",
      "lastPurchase": "2025-01-10",
      "channels": [
        "Cellar Door and Online"
      ]
    },
    {
      "customerId": "73GBX2ATPXHG867FDQPTT6XPMW",
      "customerName": "Brad Barford",
      "totalNetSales": 366.35999999999996,
      "totalGrossSales": 403,
      "totalUnits": 3,
      "totalDiscounts": 0,
      "purchaseCount": 3,
      "avgTicket": 122.11999999999999,
      "topProducts": [],
      "firstPurchase": "2024-12-07",
      "lastPurchase": "2024-12-07",
      "channels": [
        "Devils Thumb Distillery"
      ]
    },
    {
      "customerId": "JT838REQ6S6N74HE01J36DC3JR",
      "customerName": "Alan Riboldi-tunnicliffe",
      "totalNetSales": 365.09000000000003,
      "totalGrossSales": 401.59999999999997,
      "totalUnits": 4,
      "totalDiscounts": 100.39999999999999,
      "purchaseCount": 4,
      "avgTicket": 91.27250000000001,
      "topProducts": [],
      "firstPurchase": "2025-06-29",
      "lastPurchase": "2025-06-29",
      "channels": [
        "Devils Thumb Distillery"
      ]
    },
    {
      "customerId": "G12EQGBWBDHRRX66SN61XB8M3M",
      "customerName": "Rob Kilpatrick",
      "totalNetSales": 360,
      "totalGrossSales": 396,
      "totalUnits": 5,
      "totalDiscounts": 99,
      "purchaseCount": 2,
      "avgTicket": 180,
      "topProducts": [],
      "firstPurchase": "2025-05-19",
      "lastPurchase": "2025-06-28",
      "channels": [
        "Devils Thumb Distillery"
      ]
    },
    {
      "customerId": "DQHWB6BGNTCSMKH56KSK454NHC",
      "customerName": "Jordan Marschallek",
      "totalNetSales": 351.32,
      "totalGrossSales": 389.66,
      "totalUnits": 6,
      "totalDiscounts": 45.25,
      "purchaseCount": 5,
      "avgTicket": 70.264,
      "topProducts": [],
      "firstPurchase": "2025-09-05",
      "lastPurchase": "2025-09-05",
      "channels": [
        "Devils Thumb Distillery",
        "Cellar Door and Online"
      ]
    },
    {
      "customerId": "CZNB7DVB3JWVXGSEGR8QR1KKW0",
      "customerName": "Jan Green",
      "totalNetSales": 347.73,
      "totalGrossSales": 382.5,
      "totalUnits": 6,
      "totalDiscounts": 42.5,
      "purchaseCount": 3,
      "avgTicket": 115.91000000000001,
      "topProducts": [],
      "firstPurchase": "2025-08-21",
      "lastPurchase": "2025-08-21",
      "channels": [
        "Devils Thumb Distillery"
      ]
    },
    {
      "customerId": "0E7NFJA0H1TX9C5T1SA135WKDW",
      "customerName": "Daryll Walk",
      "totalNetSales": 341.28,
      "totalGrossSales": 375.4,
      "totalUnits": 3,
      "totalDiscounts": 51.599999999999994,
      "purchaseCount": 3,
      "avgTicket": 113.75999999999999,
      "topProducts": [],
      "firstPurchase": "2024-12-21",
      "lastPurchase": "2025-05-15",
      "channels": [
        "Devils Thumb Distillery"
      ]
    },
    {
      "customerId": "T8ZFA4KYGN2WH7BR4R4JRJN780",
      "customerName": "Josh Luehman",
      "totalNetSales": 337.55,
      "totalGrossSales": 371.3,
      "totalUnits": 5,
      "totalDiscounts": 85.69999999999999,
      "purchaseCount": 5,
      "avgTicket": 67.51,
      "topProducts": [],
      "firstPurchase": "2025-01-08",
      "lastPurchase": "2025-01-08",
      "channels": [
        "Cellar Door and Online"
      ]
    },
    {
      "customerId": "C5G6YS49Q9K51PNXF1XJQVT67R",
      "customerName": "Caitlin Jones",
      "totalNetSales": 333.2,
      "totalGrossSales": 333.2,
      "totalUnits": 9,
      "totalDiscounts": 37.800000000000004,
      "purchaseCount": 6,
      "avgTicket": 55.53333333333333,
      "topProducts": [],
      "firstPurchase": "2025-02-05",
      "lastPurchase": "2025-02-05",
      "channels": [
        "Cellar Door and Online"
      ]
    },
    {
      "customerId": "HHPDBS989AV56TF2M9B7HS5714",
      "customerName": "Liam Hudson",
      "totalNetSales": 330,
      "totalGrossSales": 363,
      "totalUnits": 6,
      "totalDiscounts": 0,
      "purchaseCount": 2,
      "avgTicket": 165,
      "topProducts": [],
      "firstPurchase": "2025-02-18",
      "lastPurchase": "2025-02-18",
      "channels": [
        "Invoice Sales"
      ]
    },
    {
      "customerId": "FR48RSTT4ACGSS8P3B469SV3VG",
      "customerName": "",
      "totalNetSales": 324.55,
      "totalGrossSales": 357,
      "totalUnits": 17,
      "totalDiscounts": 20,
      "purchaseCount": 10,
      "avgTicket": 32.455,
      "topProducts": [],
      "firstPurchase": "2025-01-08",
      "lastPurchase": "2025-01-08",
      "channels": [
        "Cellar Door and Online"
      ]
    },
    {
      "customerId": "H392W4BMPE7GBHVMNE15HH679W",
      "customerName": "Bruce Jennison",
      "totalNetSales": 324,
      "totalGrossSales": 356.4,
      "totalUnits": 4,
      "totalDiscounts": 39.6,
      "purchaseCount": 2,
      "avgTicket": 162,
      "topProducts": [],
      "firstPurchase": "2024-12-12",
      "lastPurchase": "2025-02-27",
      "channels": [
        "Devils Thumb Distillery",
        "Cellar Door and Online"
      ]
    },
    {
      "customerId": "M2Q354F18GJ0N7NSCWYZJYWN1G",
      "customerName": "robertcollins@msfsugar.com.au",
      "totalNetSales": 321.54999999999995,
      "totalGrossSales": 353.7,
      "totalUnits": 6,
      "totalDiscounts": 170.3,
      "purchaseCount": 3,
      "avgTicket": 107.18333333333332,
      "topProducts": [],
      "firstPurchase": "2024-12-18",
      "lastPurchase": "2024-12-18",
      "channels": [
        "Cellar Door and Online"
      ]
    },
    {
      "customerId": "YD9T9MJJRY9TFDC8HJ7YHJ3468",
      "customerName": "Chris Ryan",
      "totalNetSales": 318.90999999999997,
      "totalGrossSales": 350.79999999999995,
      "totalUnits": 5,
      "totalDiscounts": 36.2,
      "purchaseCount": 4,
      "avgTicket": 79.72749999999999,
      "topProducts": [],
      "firstPurchase": "2025-01-09",
      "lastPurchase": "2025-01-09",
      "channels": [
        "Cellar Door and Online"
      ]
    },
    {
      "customerId": "0V1MTCGW51CEFERJRMFWRMA7ZW",
      "customerName": "Nicolle Williams",
      "totalNetSales": 314.18000000000006,
      "totalGrossSales": 345.6,
      "totalUnits": 5,
      "totalDiscounts": 38.4,
      "purchaseCount": 5,
      "avgTicket": 62.83600000000001,
      "topProducts": [],
      "firstPurchase": "2024-12-30",
      "lastPurchase": "2024-12-30",
      "channels": [
        "Devils Thumb Distillery"
      ]
    },
    {
      "customerId": "AXCRN929Z4Y62Y0SM0D0Y259S8",
      "customerName": "Chris Vanderlaan",
      "totalNetSales": 312.92,
      "totalGrossSales": 346.96000000000004,
      "totalUnits": 3,
      "totalDiscounts": 62.699999999999996,
      "purchaseCount": 3,
      "avgTicket": 104.30666666666667,
      "topProducts": [],
      "firstPurchase": "2025-04-03",
      "lastPurchase": "2025-06-28",
      "channels": [
        "Cellar Door and Online"
      ]
    },
    {
      "customerId": "VPZYSA9Q2X5QX6590MZV9F2EC4",
      "customerName": "Anthony Clements",
      "totalNetSales": 310.78,
      "totalGrossSales": 346.75,
      "totalUnits": 4,
      "totalDiscounts": 39.7,
      "purchaseCount": 3,
      "avgTicket": 103.59333333333332,
      "topProducts": [],
      "firstPurchase": "2025-07-03",
      "lastPurchase": "2025-07-03",
      "channels": [
        "Cellar Door and Online"
      ]
    },
    {
      "customerId": "PG2AC228S7KBAM0MSEV47TM48M",
      "customerName": "Tobias Rissman",
      "totalNetSales": 309.78,
      "totalGrossSales": 345.64,
      "totalUnits": 5,
      "totalDiscounts": 36.8,
      "purchaseCount": 4,
      "avgTicket": 77.445,
      "topProducts": [],
      "firstPurchase": "2025-06-20",
      "lastPurchase": "2025-06-20",
      "channels": [
        "Cellar Door and Online"
      ]
    },
    {
      "customerId": "HGMTBWRH4N1699H264CT1E10W4",
      "customerName": "Andrew Watson",
      "totalNetSales": 308.45,
      "totalGrossSales": 339.3,
      "totalUnits": 4,
      "totalDiscounts": 37.7,
      "purchaseCount": 2,
      "avgTicket": 154.225,
      "topProducts": [],
      "firstPurchase": "2025-04-24",
      "lastPurchase": "2025-04-24",
      "channels": [
        "Devils Thumb Distillery"
      ]
    },
    {
      "customerId": "8CHVWZZ1AV71WJTYHPTYGKJNAW",
      "customerName": "Camilla Stonier",
      "totalNetSales": 304.27,
      "totalGrossSales": 334.7,
      "totalUnits": 4,
      "totalDiscounts": 28.299999999999997,
      "purchaseCount": 4,
      "avgTicket": 76.0675,
      "topProducts": [],
      "firstPurchase": "2025-07-28",
      "lastPurchase": "2025-07-28",
      "channels": [
        "Devils Thumb Distillery"
      ]
    },
    {
      "customerId": "RSKEJH9ZEZ5W5W1JEQ1V85VWA0",
      "customerName": "",
      "totalNetSales": 303.64,
      "totalGrossSales": 334,
      "totalUnits": 7,
      "totalDiscounts": 0,
      "purchaseCount": 7,
      "avgTicket": 43.37714285714286,
      "topProducts": [],
      "firstPurchase": "2024-12-13",
      "lastPurchase": "2024-12-13",
      "channels": [
        "Cellar Door and Online"
      ]
    },
    {
      "customerId": "0EBXBE6PCXK9AKMGPNJXG5EDJM",
      "customerName": "Amanda Wyatt",
      "totalNetSales": 298.36,
      "totalGrossSales": 328.2,
      "totalUnits": 5,
      "totalDiscounts": 44.8,
      "purchaseCount": 5,
      "avgTicket": 59.672000000000004,
      "topProducts": [],
      "firstPurchase": "2024-12-05",
      "lastPurchase": "2024-12-05",
      "channels": [
        "Cellar Door and Online"
      ]
    },
    {
      "customerId": "0FNYTR98VDQDM1QEC8R9KDN7NG",
      "customerName": "Nathan Walker",
      "totalNetSales": 296.36,
      "totalGrossSales": 326,
      "totalUnits": 5,
      "totalDiscounts": 23,
      "purchaseCount": 4,
      "avgTicket": 74.09,
      "topProducts": [],
      "firstPurchase": "2024-12-09",
      "lastPurchase": "2025-08-13",
      "channels": [
        "Devils Thumb Distillery"
      ]
    },
    {
      "customerId": "S2J5F2RVKSCZE90AEADKR1Z8NC",
      "customerName": "Peter Howe",
      "totalNetSales": 293.09,
      "totalGrossSales": 322.4,
      "totalUnits": 4,
      "totalDiscounts": 80.6,
      "purchaseCount": 4,
      "avgTicket": 73.2725,
      "topProducts": [],
      "firstPurchase": "2025-05-18",
      "lastPurchase": "2025-05-18",
      "channels": [
        "Devils Thumb Distillery"
      ]
    },
    {
      "customerId": "8FPEVAVEMYQ6PZ8GEPF3AEX26C",
      "customerName": "kate Coleman",
      "totalNetSales": 290,
      "totalGrossSales": 319,
      "totalUnits": 3,
      "totalDiscounts": 0,
      "purchaseCount": 2,
      "avgTicket": 145,
      "topProducts": [],
      "firstPurchase": "2024-12-07",
      "lastPurchase": "2024-12-07",
      "channels": [
        "Devils Thumb Distillery"
      ]
    },
    {
      "customerId": "KC7AXC9CRS3DE7AZPYMRGNRN24",
      "customerName": "Saul Hughes",
      "totalNetSales": 287.45,
      "totalGrossSales": 316.2,
      "totalUnits": 8,
      "totalDiscounts": 37.800000000000004,
      "purchaseCount": 7,
      "avgTicket": 41.06428571428571,
      "topProducts": [],
      "firstPurchase": "2024-12-21",
      "lastPurchase": "2024-12-21",
      "channels": [
        "Cellar Door and Online"
      ]
    },
    {
      "customerId": "B6SXGB1NQS4F32DWF6P0CV1EMM",
      "customerName": "Keith Worsley",
      "totalNetSales": 284.53999999999996,
      "totalGrossSales": 314.14,
      "totalUnits": 4,
      "totalDiscounts": 25.9,
      "purchaseCount": 4,
      "avgTicket": 71.13499999999999,
      "topProducts": [],
      "firstPurchase": "2025-08-01",
      "lastPurchase": "2025-10-30",
      "channels": [
        "Devils Thumb Distillery",
        "Cellar Door and Online"
      ]
    },
    {
      "customerId": "1RTZDCFAPN7XV3TXT8H4V8PZH0",
      "customerName": "Allison Curtis",
      "totalNetSales": 282.91,
      "totalGrossSales": 311.2,
      "totalUnits": 4,
      "totalDiscounts": 77.8,
      "purchaseCount": 2,
      "avgTicket": 141.455,
      "topProducts": [],
      "firstPurchase": "2025-05-21",
      "lastPurchase": "2025-05-21",
      "channels": [
        "Devils Thumb Distillery"
      ]
    },
    {
      "customerId": "HQ0GRSA0W3CMFBJW417613GJ58",
      "customerName": "",
      "totalNetSales": 280.94,
      "totalGrossSales": 313.46000000000004,
      "totalUnits": 4,
      "totalDiscounts": 68.30000000000001,
      "purchaseCount": 3,
      "avgTicket": 93.64666666666666,
      "topProducts": [],
      "firstPurchase": "2025-11-01",
      "lastPurchase": "2025-11-01",
      "channels": [
        "Cellar Door and Online"
      ]
    },
    {
      "customerId": "5C1N55WTXAXAWH9QYKHW1TFW3M",
      "customerName": "Dale Wilson",
      "totalNetSales": 272.36,
      "totalGrossSales": 299.6,
      "totalUnits": 10,
      "totalDiscounts": 46.4,
      "purchaseCount": 10,
      "avgTicket": 27.236,
      "topProducts": [],
      "firstPurchase": "2025-02-07",
      "lastPurchase": "2025-02-07",
      "channels": [
        "Cellar Door and Online"
      ]
    },
    {
      "customerId": "C94N9D5PNPX9CGJDZJP2K2773M",
      "customerName": "Meetu Pandey",
      "totalNetSales": 269.36,
      "totalGrossSales": 296.3,
      "totalUnits": 6,
      "totalDiscounts": 39.7,
      "purchaseCount": 6,
      "avgTicket": 44.89333333333334,
      "topProducts": [],
      "firstPurchase": "2025-01-02",
      "lastPurchase": "2025-01-02",
      "channels": [
        "Cellar Door and Online"
      ]
    },
    {
      "customerId": "R71RQ453MC7XXEGVDXDE8F89KR",
      "customerName": "",
      "totalNetSales": 268.54,
      "totalGrossSales": 299.63,
      "totalUnits": 4,
      "totalDiscounts": 46.300000000000004,
      "purchaseCount": 4,
      "avgTicket": 67.135,
      "topProducts": [],
      "firstPurchase": "2025-10-04",
      "lastPurchase": "2025-10-04",
      "channels": [
        "Cellar Door and Online"
      ]
    },
    {
      "customerId": "NSWAH051KXB9X77CJ8NKFSGHY4",
      "customerName": "YJ",
      "totalNetSales": 268,
      "totalGrossSales": 294.8,
      "totalUnits": 4,
      "totalDiscounts": 0,
      "purchaseCount": 4,
      "avgTicket": 67,
      "topProducts": [],
      "firstPurchase": "2025-06-04",
      "lastPurchase": "2025-06-04",
      "channels": [
        "Invoice Sales"
      ]
    },
    {
      "customerId": "5GBYHFAJ9D4T90RJB3TFZ6PWX8",
      "customerName": "Sarah Frost",
      "totalNetSales": 265.91,
      "totalGrossSales": 292.5,
      "totalUnits": 4,
      "totalDiscounts": 32.5,
      "purchaseCount": 2,
      "avgTicket": 132.955,
      "topProducts": [],
      "firstPurchase": "2025-06-18",
      "lastPurchase": "2025-06-18",
      "channels": [
        "Devils Thumb Distillery"
      ]
    },
    {
      "customerId": "YRAECHSHJ4ZTFTYYWN72TNDEMC",
      "customerName": "Mrs Brown",
      "totalNetSales": 265.45,
      "totalGrossSales": 292,
      "totalUnits": 17,
      "totalDiscounts": 10,
      "purchaseCount": 6,
      "avgTicket": 44.24166666666667,
      "topProducts": [],
      "firstPurchase": "2024-12-04",
      "lastPurchase": "2024-12-04",
      "channels": [
        "Cellar Door and Online"
      ]
    },
    {
      "customerId": "KGACJSXF6HEAZREHKRK2TATXG8",
      "customerName": "Scott Roberts",
      "totalNetSales": 261,
      "totalGrossSales": 287.1,
      "totalUnits": 3,
      "totalDiscounts": 31.9,
      "purchaseCount": 3,
      "avgTicket": 87,
      "topProducts": [],
      "firstPurchase": "2025-06-24",
      "lastPurchase": "2025-06-24",
      "channels": [
        "Devils Thumb Distillery"
      ]
    },
    {
      "customerId": "G9GH0SBBXNHGDN0HW9DAJPT9X4",
      "customerName": "Amy Davis",
      "totalNetSales": 259.64,
      "totalGrossSales": 285.6,
      "totalUnits": 7,
      "totalDiscounts": 36.400000000000006,
      "purchaseCount": 7,
      "avgTicket": 37.09142857142857,
      "topProducts": [],
      "firstPurchase": "2024-12-18",
      "lastPurchase": "2024-12-18",
      "channels": [
        "Cellar Door and Online"
      ]
    },
    {
      "customerId": "R5VYV08YXQNB88MXXB76JSF8JM",
      "customerName": "David Lambert",
      "totalNetSales": 258.94,
      "totalGrossSales": 288.90999999999997,
      "totalUnits": 3,
      "totalDiscounts": 42.800000000000004,
      "purchaseCount": 3,
      "avgTicket": 86.31333333333333,
      "topProducts": [],
      "firstPurchase": "2025-09-04",
      "lastPurchase": "2025-09-04",
      "channels": [
        "Cellar Door and Online"
      ]
    },
    {
      "customerId": "FP8BGBH9NWHKS3FRQZS6AMZHJG",
      "customerName": "Jacqui Mezzino",
      "totalNetSales": 256.36,
      "totalGrossSales": 282,
      "totalUnits": 4,
      "totalDiscounts": 32,
      "purchaseCount": 3,
      "avgTicket": 85.45333333333333,
      "topProducts": [],
      "firstPurchase": "2025-05-21",
      "lastPurchase": "2025-08-08",
      "channels": [
        "Devils Thumb Distillery"
      ]
    },
    {
      "customerId": "KPK2848BG9Z7XZY4R9D9W44KSC",
      "customerName": "jemima.robinson@outlook.com.au",
      "totalNetSales": 255.49,
      "totalGrossSales": 285.06,
      "totalUnits": 2,
      "totalDiscounts": 0,
      "purchaseCount": 2,
      "avgTicket": 127.745,
      "topProducts": [],
      "firstPurchase": "2025-09-06",
      "lastPurchase": "2025-09-06",
      "channels": [
        "Cellar Door and Online"
      ]
    },
    {
      "customerId": "V4Q5A6AQVSD1SMTHG7S9H6DY78",
      "customerName": "nataliemuleta@hotmail.com",
      "totalNetSales": 254.64,
      "totalGrossSales": 280.09999999999997,
      "totalUnits": 9,
      "totalDiscounts": 35.9,
      "purchaseCount": 7,
      "avgTicket": 36.37714285714286,
      "topProducts": [],
      "firstPurchase": "2024-12-27",
      "lastPurchase": "2024-12-27",
      "channels": [
        "Cellar Door and Online"
      ]
    },
    {
      "customerId": "PJGD3ANJCRHXQZ7Q8ZPC6BGNZM",
      "customerName": "Patricia Mccarthy",
      "totalNetSales": 253.64,
      "totalGrossSales": 279,
      "totalUnits": 9,
      "totalDiscounts": 10,
      "purchaseCount": 6,
      "avgTicket": 42.27333333333333,
      "topProducts": [],
      "firstPurchase": "2024-12-29",
      "lastPurchase": "2025-02-05",
      "channels": [
        "Cellar Door and Online"
      ]
    },
    {
      "customerId": "TH08EGDKB1MA1RAFBZG4JJ774C",
      "customerName": "Tourism Port Douglas Daintree",
      "totalNetSales": 252,
      "totalGrossSales": 277.20000000000005,
      "totalUnits": 12,
      "totalDiscounts": 0,
      "purchaseCount": 2,
      "avgTicket": 126,
      "topProducts": [],
      "firstPurchase": "2024-12-30",
      "lastPurchase": "2025-05-22",
      "channels": [
        "Invoice Sales"
      ]
    },
    {
      "customerId": "ZTJPCYX5P53ZN62MB8NZHM8QHM",
      "customerName": "J Woods",
      "totalNetSales": 251.67,
      "totalGrossSales": 280.8,
      "totalUnits": 8,
      "totalDiscounts": 53.8,
      "purchaseCount": 7,
      "avgTicket": 35.95285714285714,
      "topProducts": [],
      "firstPurchase": "2025-06-26",
      "lastPurchase": "2025-06-26",
      "channels": [
        "Cellar Door and Online"
      ]
    },
    {
      "customerId": "3W16D3Q10VT2C5FR854DMKJ8EC",
      "customerName": "Alicia Bradshaw",
      "totalNetSales": 244.73,
      "totalGrossSales": 269.2,
      "totalUnits": 5,
      "totalDiscounts": 37.8,
      "purchaseCount": 5,
      "avgTicket": 48.946,
      "topProducts": [],
      "firstPurchase": "2024-12-13",
      "lastPurchase": "2024-12-13",
      "channels": [
        "Cellar Door and Online"
      ]
    },
    {
      "customerId": "6GMFX4Y40526SDVDYP9FWAKVX4",
      "customerName": "Gavin Allen",
      "totalNetSales": 243,
      "totalGrossSales": 267.3,
      "totalUnits": 3,
      "totalDiscounts": 29.7,
      "purchaseCount": 1,
      "avgTicket": 243,
      "topProducts": [],
      "firstPurchase": "2025-10-31",
      "lastPurchase": "2025-10-31",
      "channels": [
        "Devils Thumb Distillery"
      ]
    },
    {
      "customerId": "5XKSJX0Z91EXAXBPCKTNHHRC58",
      "customerName": "Paul",
      "totalNetSales": 243,
      "totalGrossSales": 267.3,
      "totalUnits": 3,
      "totalDiscounts": 29.7,
      "purchaseCount": 1,
      "avgTicket": 243,
      "topProducts": [],
      "firstPurchase": "2025-10-06",
      "lastPurchase": "2025-10-06",
      "channels": [
        "Devils Thumb Distillery"
      ]
    },
    {
      "customerId": "TPD1418A2H46V3EH9768RY2DB0",
      "customerName": "Harrisen Walden",
      "totalNetSales": 243,
      "totalGrossSales": 267.3,
      "totalUnits": 3,
      "totalDiscounts": 29.7,
      "purchaseCount": 1,
      "avgTicket": 243,
      "topProducts": [],
      "firstPurchase": "2025-04-23",
      "lastPurchase": "2025-04-23",
      "channels": [
        "Devils Thumb Distillery"
      ]
    },
    {
      "customerId": "HN1286W3F129H7ERKP35KKAZCW",
      "customerName": "Yvonne Lynch",
      "totalNetSales": 243,
      "totalGrossSales": 267.3,
      "totalUnits": 3,
      "totalDiscounts": 29.7,
      "purchaseCount": 1,
      "avgTicket": 243,
      "topProducts": [],
      "firstPurchase": "2024-12-06",
      "lastPurchase": "2024-12-06",
      "channels": [
        "Devils Thumb Distillery"
      ]
    },
    {
      "customerId": "NE0J74HSBN62K0AYZCM5VFHQH4",
      "customerName": "Jenny",
      "totalNetSales": 240.61,
      "totalGrossSales": 268.47,
      "totalUnits": 5,
      "totalDiscounts": 49.6,
      "purchaseCount": 4,
      "avgTicket": 60.1525,
      "topProducts": [],
      "firstPurchase": "2025-06-28",
      "lastPurchase": "2025-06-28",
      "channels": [
        "Cellar Door and Online"
      ]
    },
    {
      "customerId": "RPQ7DKF46WK0HA6PJYG0Q6WFYM",
      "customerName": "",
      "totalNetSales": 237.37,
      "totalGrossSales": 264.85,
      "totalUnits": 3,
      "totalDiscounts": 10,
      "purchaseCount": 3,
      "avgTicket": 79.12333333333333,
      "topProducts": [],
      "firstPurchase": "2025-09-13",
      "lastPurchase": "2025-09-13",
      "channels": [
        "Cellar Door and Online"
      ]
    },
    {
      "customerId": "FQM3PW2SF9NX69X1A1WWVW44Q8",
      "customerName": "Kaleb Cobb",
      "totalNetSales": 236.09,
      "totalGrossSales": 259.7,
      "totalUnits": 5,
      "totalDiscounts": 37.3,
      "purchaseCount": 5,
      "avgTicket": 47.218,
      "topProducts": [],
      "firstPurchase": "2025-01-24",
      "lastPurchase": "2025-01-24",
      "channels": [
        "Cellar Door and Online"
      ]
    },
    {
      "customerId": "Y7969BRMMN387WS8K33SGVT0F0",
      "customerName": "Katie Fellowes",
      "totalNetSales": 234.82,
      "totalGrossSales": 258.29999999999995,
      "totalUnits": 3,
      "totalDiscounts": 28.700000000000003,
      "purchaseCount": 2,
      "avgTicket": 117.41,
      "topProducts": [],
      "firstPurchase": "2025-03-10",
      "lastPurchase": "2025-03-10",
      "channels": [
        "Devils Thumb Distillery"
      ]
    },
    {
      "customerId": "1XPVJXJSA93DHEDYZY48CY36WW",
      "customerName": "Pam Grey",
      "totalNetSales": 231.55,
      "totalGrossSales": 254.7,
      "totalUnits": 3,
      "totalDiscounts": 28.3,
      "purchaseCount": 2,
      "avgTicket": 115.775,
      "topProducts": [],
      "firstPurchase": "2025-05-01",
      "lastPurchase": "2025-05-01",
      "channels": [
        "Devils Thumb Distillery"
      ]
    },
    {
      "customerId": "SRBYEAB5SN0N715X2HCYNZ771G",
      "customerName": "Mark Maguire",
      "totalNetSales": 229.5,
      "totalGrossSales": 252.45,
      "totalUnits": 3,
      "totalDiscounts": 44.55,
      "purchaseCount": 1,
      "avgTicket": 229.5,
      "topProducts": [],
      "firstPurchase": "2025-01-30",
      "lastPurchase": "2025-01-30",
      "channels": [
        "Devils Thumb Distillery"
      ]
    },
    {
      "customerId": "C3HCG5NM870FSXQMMTH3J3A22G",
      "customerName": "Hendrik Duwe",
      "totalNetSales": 228.36,
      "totalGrossSales": 251.2,
      "totalUnits": 3,
      "totalDiscounts": 62.8,
      "purchaseCount": 3,
      "avgTicket": 76.12,
      "topProducts": [],
      "firstPurchase": "2025-06-28",
      "lastPurchase": "2025-06-28",
      "channels": [
        "Devils Thumb Distillery"
      ]
    },
    {
      "customerId": "77VP7AC42ZX1EXF2YHGAAFKJ3W",
      "customerName": "Jemilah Villasin",
      "totalNetSales": 227.45,
      "totalGrossSales": 250.2,
      "totalUnits": 3,
      "totalDiscounts": 27.8,
      "purchaseCount": 3,
      "avgTicket": 75.81666666666666,
      "topProducts": [],
      "firstPurchase": "2025-08-14",
      "lastPurchase": "2025-08-14",
      "channels": [
        "Devils Thumb Distillery"
      ]
    },
    {
      "customerId": "P3HMD820EG0DMY1054FVTD8PQ0",
      "customerName": "Tajinder Singh",
      "totalNetSales": 227.45,
      "totalGrossSales": 250.2,
      "totalUnits": 3,
      "totalDiscounts": 27.799999999999997,
      "purchaseCount": 3,
      "avgTicket": 75.81666666666666,
      "topProducts": [],
      "firstPurchase": "2025-07-08",
      "lastPurchase": "2025-07-08",
      "channels": [
        "Devils Thumb Distillery"
      ]
    },
    {
      "customerId": "81073YYVJDA3ZYVEVZV7GARGFM",
      "customerName": "Lauren Tanfield",
      "totalNetSales": 227.45,
      "totalGrossSales": 250.2,
      "totalUnits": 3,
      "totalDiscounts": 27.799999999999997,
      "purchaseCount": 3,
      "avgTicket": 75.81666666666666,
      "topProducts": [],
      "firstPurchase": "2025-05-31",
      "lastPurchase": "2025-05-31",
      "channels": [
        "Devils Thumb Distillery"
      ]
    },
    {
      "customerId": "73FEA80C6WAGJSQ4HNWH8ZSWHM",
      "customerName": "Olivia Venturin",
      "totalNetSales": 227.45,
      "totalGrossSales": 250.2,
      "totalUnits": 3,
      "totalDiscounts": 27.8,
      "purchaseCount": 3,
      "avgTicket": 75.81666666666666,
      "topProducts": [],
      "firstPurchase": "2025-04-20",
      "lastPurchase": "2025-04-20",
      "channels": [
        "Devils Thumb Distillery"
      ]
    },
    {
      "customerId": "NHNHCWPCSZV0HC56XKYN4RKTYR",
      "customerName": "",
      "totalNetSales": 227.45,
      "totalGrossSales": 250.2,
      "totalUnits": 3,
      "totalDiscounts": 27.799999999999997,
      "purchaseCount": 3,
      "avgTicket": 75.81666666666666,
      "topProducts": [],
      "firstPurchase": "2025-03-05",
      "lastPurchase": "2025-03-05",
      "channels": [
        "Cellar Door and Online"
      ]
    },
    {
      "customerId": "J0M6D4F6R3HD179119JK3WWE70",
      "customerName": "Jeannette Yardley",
      "totalNetSales": 227.45,
      "totalGrossSales": 250.2,
      "totalUnits": 3,
      "totalDiscounts": 27.799999999999997,
      "purchaseCount": 3,
      "avgTicket": 75.81666666666666,
      "topProducts": [],
      "firstPurchase": "2025-01-20",
      "lastPurchase": "2025-01-20",
      "channels": [
        "Devils Thumb Distillery"
      ]
    },
    {
      "customerId": "52ZGBV0P710FDFQ1H055S7JF84",
      "customerName": "Brett Cairns",
      "totalNetSales": 227.45,
      "totalGrossSales": 250.2,
      "totalUnits": 3,
      "totalDiscounts": 27.799999999999997,
      "purchaseCount": 3,
      "avgTicket": 75.81666666666666,
      "topProducts": [],
      "firstPurchase": "2025-01-10",
      "lastPurchase": "2025-01-10",
      "channels": [
        "Devils Thumb Distillery"
      ]
    },
    {
      "customerId": "NWVDYB871FBM5EH386572J8ETC",
      "customerName": "Bronwyn Shell",
      "totalNetSales": 227.45,
      "totalGrossSales": 250.2,
      "totalUnits": 5,
      "totalDiscounts": 46.8,
      "purchaseCount": 5,
      "avgTicket": 45.489999999999995,
      "topProducts": [],
      "firstPurchase": "2025-01-04",
      "lastPurchase": "2025-01-04",
      "channels": [
        "Cellar Door and Online"
      ]
    },
    {
      "customerId": "E8W0DSR1FX5PX7YPZGEAGXG2B4",
      "customerName": "Donna Mclean",
      "totalNetSales": 227.45,
      "totalGrossSales": 250.2,
      "totalUnits": 3,
      "totalDiscounts": 27.8,
      "purchaseCount": 3,
      "avgTicket": 75.81666666666666,
      "topProducts": [],
      "firstPurchase": "2024-12-09",
      "lastPurchase": "2024-12-09",
      "channels": [
        "Devils Thumb Distillery"
      ]
    },
    {
      "customerId": "SZ23G6CEWN8YCGNV7Z7XZJQND8",
      "customerName": "",
      "totalNetSales": 224.53,
      "totalGrossSales": 250.51,
      "totalUnits": 3,
      "totalDiscounts": 49.7,
      "purchaseCount": 2,
      "avgTicket": 112.265,
      "topProducts": [],
      "firstPurchase": "2025-07-10",
      "lastPurchase": "2025-07-10",
      "channels": [
        "Cellar Door and Online"
      ]
    },
    {
      "customerId": "1W9WADRX22KV7F90W1WZBBD728",
      "customerName": "Don Robinson",
      "totalNetSales": 223.07,
      "totalGrossSales": 248.89,
      "totalUnits": 3,
      "totalDiscounts": 27.299999999999997,
      "purchaseCount": 3,
      "avgTicket": 74.35666666666667,
      "topProducts": [],
      "firstPurchase": "2025-11-01",
      "lastPurchase": "2025-11-01",
      "channels": [
        "Cellar Door and Online"
      ]
    },
    {
      "customerId": "CPX583X4415AS78YR47QKMERZ8",
      "customerName": "",
      "totalNetSales": 220.09,
      "totalGrossSales": 242.1,
      "totalUnits": 3,
      "totalDiscounts": 26.9,
      "purchaseCount": 3,
      "avgTicket": 73.36333333333333,
      "topProducts": [],
      "firstPurchase": "2024-12-20",
      "lastPurchase": "2024-12-20",
      "channels": [
        "Cellar Door and Online"
      ]
    },
    {
      "customerId": "CJAYXT3GY16YVDJY6E1YB1S9GC",
      "customerName": "",
      "totalNetSales": 218.36,
      "totalGrossSales": 240.20000000000005,
      "totalUnits": 3,
      "totalDiscounts": 37.800000000000004,
      "purchaseCount": 3,
      "avgTicket": 72.78666666666668,
      "topProducts": [],
      "firstPurchase": "2025-01-10",
      "lastPurchase": "2025-01-10",
      "channels": [
        "Cellar Door and Online"
      ]
    },
    {
      "customerId": "6MYKKHEZQ50D7VBZ4NMVHJ7214",
      "customerName": "Melissa Jackaman",
      "totalNetSales": 216.70000000000002,
      "totalGrossSales": 238.37,
      "totalUnits": 6,
      "totalDiscounts": 81.63000000000001,
      "purchaseCount": 6,
      "avgTicket": 36.11666666666667,
      "topProducts": [],
      "firstPurchase": "2025-02-05",
      "lastPurchase": "2025-02-05",
      "channels": [
        "Cellar Door and Online"
      ]
    },
    {
      "customerId": "QQMNESJBX91PZ4571E7CBRGHQM",
      "customerName": "Emily Xue",
      "totalNetSales": 216,
      "totalGrossSales": 237.6,
      "totalUnits": 3,
      "totalDiscounts": 26.4,
      "purchaseCount": 3,
      "avgTicket": 72,
      "topProducts": [],
      "firstPurchase": "2025-03-13",
      "lastPurchase": "2025-03-13",
      "channels": [
        "Devils Thumb Distillery"
      ]
    },
    {
      "customerId": "EVP90Q78QAK7KRAXA4RZWABGS4",
      "customerName": "Matthew Berry",
      "totalNetSales": 215.45,
      "totalGrossSales": 237,
      "totalUnits": 6,
      "totalDiscounts": 0,
      "purchaseCount": 3,
      "avgTicket": 71.81666666666666,
      "topProducts": [],
      "firstPurchase": "2025-10-21",
      "lastPurchase": "2025-10-21",
      "channels": [
        "Devils Thumb Distillery"
      ]
    },
    {
      "customerId": "B5A21G9ANWSE9CDD5FM9826C2M",
      "customerName": "Dale Skinner",
      "totalNetSales": 214.82,
      "totalGrossSales": 236.3,
      "totalUnits": 3,
      "totalDiscounts": 41.7,
      "purchaseCount": 3,
      "avgTicket": 71.60666666666667,
      "topProducts": [],
      "firstPurchase": "2025-02-05",
      "lastPurchase": "2025-02-05",
      "channels": [
        "Devils Thumb Distillery"
      ]
    },
    {
      "customerId": "VA8TMS91Y31BYK3VNVF6BC0Q0R",
      "customerName": "Marie ann McCormack",
      "totalNetSales": 213.73,
      "totalGrossSales": 235.1,
      "totalUnits": 3,
      "totalDiscounts": 35.9,
      "purchaseCount": 2,
      "avgTicket": 106.865,
      "topProducts": [],
      "firstPurchase": "2025-04-26",
      "lastPurchase": "2025-04-26",
      "channels": [
        "Cellar Door and Online"
      ]
    },
    {
      "customerId": "ZM5JPAEGBW3EC8WF07BJSBRTQR",
      "customerName": "Despina Kolivas",
      "totalNetSales": 211.98000000000002,
      "totalGrossSales": 234,
      "totalUnits": 4,
      "totalDiscounts": 29.5,
      "purchaseCount": 2,
      "avgTicket": 105.99000000000001,
      "topProducts": [],
      "firstPurchase": "2025-11-08",
      "lastPurchase": "2025-11-09",
      "channels": [
        "Devils Thumb Distillery",
        "Cellar Door and Online"
      ]
    },
    {
      "customerId": "CVNYDJAHWW49YYH8Y7B41MHVHR",
      "customerName": "Elizabeth Teki",
      "totalNetSales": 211.91,
      "totalGrossSales": 233.1,
      "totalUnits": 3,
      "totalDiscounts": 25.9,
      "purchaseCount": 2,
      "avgTicket": 105.955,
      "topProducts": [],
      "firstPurchase": "2025-09-28",
      "lastPurchase": "2025-09-28",
      "channels": [
        "Devils Thumb Distillery"
      ]
    },
    {
      "customerId": "1NG0PGE9VY86M4MZGSJ4SQWJPC",
      "customerName": "Jeffrey Wilson",
      "totalNetSales": 211.91,
      "totalGrossSales": 233.1,
      "totalUnits": 3,
      "totalDiscounts": 25.9,
      "purchaseCount": 2,
      "avgTicket": 105.955,
      "topProducts": [],
      "firstPurchase": "2025-01-23",
      "lastPurchase": "2025-01-23",
      "channels": [
        "Devils Thumb Distillery"
      ]
    },
    {
      "customerId": "ZNMPE0VCDPPKSW1Y0KQBPM5TPG",
      "customerName": "Katalin Daniel",
      "totalNetSales": 211.90999999999997,
      "totalGrossSales": 233.1,
      "totalUnits": 3,
      "totalDiscounts": 25.9,
      "purchaseCount": 3,
      "avgTicket": 70.63666666666666,
      "topProducts": [],
      "firstPurchase": "2025-10-11",
      "lastPurchase": "2025-10-11",
      "channels": [
        "Devils Thumb Distillery"
      ]
    },
    {
      "customerId": "E87M5BC5AN0V7FGCZK9R0X9AB8",
      "customerName": "Janelle Dwyer",
      "totalNetSales": 211.90999999999997,
      "totalGrossSales": 233.1,
      "totalUnits": 3,
      "totalDiscounts": 25.9,
      "purchaseCount": 3,
      "avgTicket": 70.63666666666666,
      "topProducts": [],
      "firstPurchase": "2025-01-20",
      "lastPurchase": "2025-01-20",
      "channels": [
        "Devils Thumb Distillery"
      ]
    },
    {
      "customerId": "X0T5TPJX1D006E4TSE8FY3D510",
      "customerName": ".mr Kelso",
      "totalNetSales": 211.90999999999997,
      "totalGrossSales": 233.1,
      "totalUnits": 3,
      "totalDiscounts": 25.9,
      "purchaseCount": 3,
      "avgTicket": 70.63666666666666,
      "topProducts": [],
      "firstPurchase": "2024-12-12",
      "lastPurchase": "2024-12-12",
      "channels": [
        "Devils Thumb Distillery"
      ]
    },
    {
      "customerId": "M0FDNK6154PAK53JG0YY6H5ASC",
      "customerName": "Helen Mcnamara",
      "totalNetSales": 211.82,
      "totalGrossSales": 233,
      "totalUnits": 3,
      "totalDiscounts": 17,
      "purchaseCount": 3,
      "avgTicket": 70.60666666666667,
      "topProducts": [],
      "firstPurchase": "2025-01-02",
      "lastPurchase": "2025-05-22",
      "channels": [
        "Devils Thumb Distillery"
      ]
    },
    {
      "customerId": "WGJCTZN1VNMGTATHV2Y861VJX0",
      "customerName": "Hilary Beresford",
      "totalNetSales": 211.82,
      "totalGrossSales": 233,
      "totalUnits": 2,
      "totalDiscounts": 16,
      "purchaseCount": 2,
      "avgTicket": 105.91,
      "topProducts": [],
      "firstPurchase": "2024-12-09",
      "lastPurchase": "2025-05-17",
      "channels": [
        "Devils Thumb Distillery"
      ]
    },
    {
      "customerId": "AQPBCFDV07JWE96JQG5BWBQ5P4",
      "customerName": "Lesley Morgan",
      "totalNetSales": 211.09,
      "totalGrossSales": 232.2,
      "totalUnits": 3,
      "totalDiscounts": 25.8,
      "purchaseCount": 3,
      "avgTicket": 70.36333333333333,
      "topProducts": [],
      "firstPurchase": "2024-12-06",
      "lastPurchase": "2024-12-06",
      "channels": [
        "Devils Thumb Distillery"
      ]
    },
    {
      "customerId": "PZN4V1GCF34Z1H0TQD4K8XCTWM",
      "customerName": "Daniel Tiffin",
      "totalNetSales": 210,
      "totalGrossSales": 231,
      "totalUnits": 2,
      "totalDiscounts": 0,
      "purchaseCount": 2,
      "avgTicket": 105,
      "topProducts": [],
      "firstPurchase": "2025-04-09",
      "lastPurchase": "2025-04-09",
      "channels": [
        "Invoice Sales"
      ]
    },
    {
      "customerId": "584QBGKQY904F3PHZG2V69K1AM",
      "customerName": "James Opperman",
      "totalNetSales": 208.64,
      "totalGrossSales": 229.5,
      "totalUnits": 3,
      "totalDiscounts": 25.5,
      "purchaseCount": 1,
      "avgTicket": 208.64,
      "topProducts": [],
      "firstPurchase": "2025-04-12",
      "lastPurchase": "2025-04-12",
      "channels": [
        "Devils Thumb Distillery"
      ]
    },
    {
      "customerId": "E2W1M586GJ6N09PJ4K62V0DC58",
      "customerName": "Naomi Pudney",
      "totalNetSales": 208.64,
      "totalGrossSales": 229.5,
      "totalUnits": 3,
      "totalDiscounts": 25.5,
      "purchaseCount": 1,
      "avgTicket": 208.64,
      "topProducts": [],
      "firstPurchase": "2025-01-14",
      "lastPurchase": "2025-01-14",
      "channels": [
        "Devils Thumb Distillery"
      ]
    },
    {
      "customerId": "NWRK31E2M5306V3Z6ESC9GH6Q4",
      "customerName": "",
      "totalNetSales": 207.26999999999998,
      "totalGrossSales": 228.00000000000003,
      "totalUnits": 6,
      "totalDiscounts": 10,
      "purchaseCount": 6,
      "avgTicket": 34.544999999999995,
      "topProducts": [],
      "firstPurchase": "2024-12-11",
      "lastPurchase": "2024-12-11",
      "channels": [
        "Cellar Door and Online"
      ]
    },
    {
      "customerId": "47DK9VC1H54ASFN9124DG3DXSW",
      "customerName": "Gemma Zatlhofer",
      "totalNetSales": 202.55,
      "totalGrossSales": 226,
      "totalUnits": 3,
      "totalDiscounts": 35.900000000000006,
      "purchaseCount": 3,
      "avgTicket": 67.51666666666667,
      "topProducts": [],
      "firstPurchase": "2025-06-19",
      "lastPurchase": "2025-06-19",
      "channels": [
        "Cellar Door and Online"
      ]
    },
    {
      "customerId": "A8TV432WSN7D7DDJP44T9QM7QM",
      "customerName": "",
      "totalNetSales": 202.46,
      "totalGrossSales": 225.9,
      "totalUnits": 3,
      "totalDiscounts": 10,
      "purchaseCount": 3,
      "avgTicket": 67.48666666666666,
      "topProducts": [],
      "firstPurchase": "2025-07-16",
      "lastPurchase": "2025-07-25",
      "channels": [
        "Cellar Door and Online"
      ]
    },
    {
      "customerId": "45N0E4N37GRRJSEE6RYAKRZDEM",
      "customerName": "Katrina Gilbertson",
      "totalNetSales": 202.18,
      "totalGrossSales": 222.39999999999998,
      "totalUnits": 3,
      "totalDiscounts": 55.599999999999994,
      "purchaseCount": 3,
      "avgTicket": 67.39333333333333,
      "topProducts": [],
      "firstPurchase": "2025-06-29",
      "lastPurchase": "2025-06-29",
      "channels": [
        "Devils Thumb Distillery"
      ]
    },
    {
      "customerId": "6B7GEMZ6RRZ1H2AD8NTHMFCJZW",
      "customerName": "",
      "totalNetSales": 200.91,
      "totalGrossSales": 221,
      "totalUnits": 7,
      "totalDiscounts": 10,
      "purchaseCount": 6,
      "avgTicket": 33.485,
      "topProducts": [],
      "firstPurchase": "2024-12-18",
      "lastPurchase": "2024-12-18",
      "channels": [
        "Cellar Door and Online"
      ]
    },
    {
      "customerId": "06WTXY63WBT9REZS0NYKESWKE4",
      "customerName": "Tiarnah Hobbs",
      "totalNetSales": 200.45,
      "totalGrossSales": 220.5,
      "totalUnits": 3,
      "totalDiscounts": 24.5,
      "purchaseCount": 2,
      "avgTicket": 100.225,
      "topProducts": [],
      "firstPurchase": "2025-08-16",
      "lastPurchase": "2025-08-16",
      "channels": [
        "Devils Thumb Distillery"
      ]
    },
    {
      "customerId": "Y7R2M9EFQBDRM46KF4X7ZRCT50",
      "customerName": "Ingrid Sendikas",
      "totalNetSales": 200.45,
      "totalGrossSales": 220.5,
      "totalUnits": 3,
      "totalDiscounts": 24.5,
      "purchaseCount": 3,
      "avgTicket": 66.81666666666666,
      "topProducts": [],
      "firstPurchase": "2025-01-18",
      "lastPurchase": "2025-01-18",
      "channels": [
        "Devils Thumb Distillery"
      ]
    },
    {
      "customerId": "C54TSZSJ0R84WM7KTTK3M9ZQR4",
      "customerName": "Stephen Ford",
      "totalNetSales": 200.14,
      "totalGrossSales": 220.15,
      "totalUnits": 3,
      "totalDiscounts": 38.85,
      "purchaseCount": 2,
      "avgTicket": 100.07,
      "topProducts": [],
      "firstPurchase": "2025-02-06",
      "lastPurchase": "2025-02-06",
      "channels": [
        "Devils Thumb Distillery"
      ]
    },
    {
      "customerId": "VGS7XDVCE1RE2X5911GN8P45V4",
      "customerName": "Marie Nicolas",
      "totalNetSales": 200.14,
      "totalGrossSales": 220.15,
      "totalUnits": 3,
      "totalDiscounts": 38.85,
      "purchaseCount": 3,
      "avgTicket": 66.71333333333332,
      "topProducts": [],
      "firstPurchase": "2025-01-31",
      "lastPurchase": "2025-01-31",
      "channels": [
        "Devils Thumb Distillery"
      ]
    },
    {
      "customerId": "JNAWZ68EGSJBB0WWX2KMY2DA4W",
      "customerName": "",
      "totalNetSales": 199.74,
      "totalGrossSales": 222.85999999999999,
      "totalUnits": 8,
      "totalDiscounts": 10,
      "purchaseCount": 8,
      "avgTicket": 24.9675,
      "topProducts": [],
      "firstPurchase": "2025-05-15",
      "lastPurchase": "2025-05-15",
      "channels": [
        "Cellar Door and Online"
      ]
    },
    {
      "customerId": "9HRJ6YZQQH29D9VJYANKS896SM",
      "customerName": "Gwendolyn Smith",
      "totalNetSales": 199.23999999999998,
      "totalGrossSales": 222.3,
      "totalUnits": 8,
      "totalDiscounts": 20,
      "purchaseCount": 3,
      "avgTicket": 66.41333333333333,
      "topProducts": [],
      "firstPurchase": "2025-11-08",
      "lastPurchase": "2025-11-08",
      "channels": [
        "Cellar Door and Online"
      ]
    },
    {
      "customerId": "M31YZ4FRPR774F9V6E3H0XVPY8",
      "customerName": "Nicolla Towers",
      "totalNetSales": 199.08999999999997,
      "totalGrossSales": 219,
      "totalUnits": 2,
      "totalDiscounts": 10,
      "purchaseCount": 2,
      "avgTicket": 99.54499999999999,
      "topProducts": [],
      "firstPurchase": "2025-01-29",
      "lastPurchase": "2025-01-29",
      "channels": [
        "Cellar Door and Online"
      ]
    },
    {
      "customerId": "Z49345J54EVGMBT11KVKVJ1JA0",
      "customerName": "Nina.mrs Karlhuber",
      "totalNetSales": 197.56,
      "totalGrossSales": 220.42999999999998,
      "totalUnits": 3,
      "totalDiscounts": 46.4,
      "purchaseCount": 3,
      "avgTicket": 65.85333333333334,
      "topProducts": [],
      "firstPurchase": "2025-07-17",
      "lastPurchase": "2025-07-17",
      "channels": [
        "Cellar Door and Online"
      ]
    },
    {
      "customerId": "XVYBXRS48984PR2GXVA0S7FJAW",
      "customerName": "Bec Buchanan",
      "totalNetSales": 196.36,
      "totalGrossSales": 216,
      "totalUnits": 3,
      "totalDiscounts": 24,
      "purchaseCount": 1,
      "avgTicket": 196.36,
      "topProducts": [],
      "firstPurchase": "2025-11-04",
      "lastPurchase": "2025-11-04",
      "channels": [
        "Devils Thumb Distillery"
      ]
    },
    {
      "customerId": "F8PV3CAMNKNNAM5SCNZ9EWTYC0",
      "customerName": "Peter Young",
      "totalNetSales": 196.36,
      "totalGrossSales": 216,
      "totalUnits": 3,
      "totalDiscounts": 24,
      "purchaseCount": 1,
      "avgTicket": 196.36,
      "topProducts": [],
      "firstPurchase": "2025-09-18",
      "lastPurchase": "2025-09-18",
      "channels": [
        "Devils Thumb Distillery"
      ]
    },
    {
      "customerId": "BZT14J3XA968S3HK96J1FDPCZ0",
      "customerName": "Lewis McGahan",
      "totalNetSales": 196.36,
      "totalGrossSales": 216,
      "totalUnits": 3,
      "totalDiscounts": 24,
      "purchaseCount": 1,
      "avgTicket": 196.36,
      "topProducts": [],
      "firstPurchase": "2025-02-15",
      "lastPurchase": "2025-02-15",
      "channels": [
        "Devils Thumb Distillery"
      ]
    },
    {
      "customerId": "KH1XK33Z88P4FWTRDSWGETEAVR",
      "customerName": "Amy Goodland",
      "totalNetSales": 196.36,
      "totalGrossSales": 216,
      "totalUnits": 3,
      "totalDiscounts": 24,
      "purchaseCount": 1,
      "avgTicket": 196.36,
      "topProducts": [],
      "firstPurchase": "2024-12-10",
      "lastPurchase": "2024-12-10",
      "channels": [
        "Devils Thumb Distillery"
      ]
    },
    {
      "customerId": "E568KFA40H259DE2ZN5B99760W",
      "customerName": "Amanda Simovska",
      "totalNetSales": 196.36,
      "totalGrossSales": 216,
      "totalUnits": 3,
      "totalDiscounts": 24,
      "purchaseCount": 2,
      "avgTicket": 98.18,
      "topProducts": [],
      "firstPurchase": "2024-12-05",
      "lastPurchase": "2024-12-05",
      "channels": [
        "Devils Thumb Distillery"
      ]
    },
    {
      "customerId": "R0ES6WMA1EY8CAA2MA61FE5G0C",
      "customerName": "jason.kerr@me.com",
      "totalNetSales": 196.11,
      "totalGrossSales": 218.81,
      "totalUnits": 3,
      "totalDiscounts": 24,
      "purchaseCount": 1,
      "avgTicket": 196.11,
      "topProducts": [],
      "firstPurchase": "2025-06-05",
      "lastPurchase": "2025-06-05",
      "channels": [
        "Cellar Door and Online"
      ]
    },
    {
      "customerId": "4PRAMKYK6M8CWDFC94A06HVSE8",
      "customerName": "CRYSTAL J WARNER",
      "totalNetSales": 195.54,
      "totalGrossSales": 215.1,
      "totalUnits": 3,
      "totalDiscounts": 23.9,
      "purchaseCount": 3,
      "avgTicket": 65.17999999999999,
      "topProducts": [],
      "firstPurchase": "2025-06-07",
      "lastPurchase": "2025-06-07",
      "channels": [
        "Devils Thumb Distillery"
      ]
    },
    {
      "customerId": "F95272EFD02B33WFH9SYNRK6M4",
      "customerName": "Lauren Dick",
      "totalNetSales": 194.29,
      "totalGrossSales": 216.78,
      "totalUnits": 2,
      "totalDiscounts": 0,
      "purchaseCount": 2,
      "avgTicket": 97.145,
      "topProducts": [],
      "firstPurchase": "2025-08-14",
      "lastPurchase": "2025-08-14",
      "channels": [
        "Cellar Door and Online"
      ]
    },
    {
      "customerId": "3B4PGBF9W4ZP083FKVMKP6T0RW",
      "customerName": "Kirsten Lichon",
      "totalNetSales": 193.48,
      "totalGrossSales": 215.87,
      "totalUnits": 3,
      "totalDiscounts": 45.9,
      "purchaseCount": 2,
      "avgTicket": 96.74,
      "topProducts": [],
      "firstPurchase": "2025-10-10",
      "lastPurchase": "2025-10-10",
      "channels": [
        "Cellar Door and Online"
      ]
    },
    {
      "customerId": "TZ1VMT2N0B9DK8HAFYHV6049YG",
      "customerName": "Karen Blackwell",
      "totalNetSales": 193.48,
      "totalGrossSales": 215.87,
      "totalUnits": 3,
      "totalDiscounts": 45.9,
      "purchaseCount": 2,
      "avgTicket": 96.74,
      "topProducts": [],
      "firstPurchase": "2025-08-08",
      "lastPurchase": "2025-08-08",
      "channels": [
        "Cellar Door and Online"
      ]
    },
    {
      "customerId": "TNH0ZJV32W02EJKG4T3KPN8WVM",
      "customerName": "Maria Cunningham",
      "totalNetSales": 188.36,
      "totalGrossSales": 207.2,
      "totalUnits": 3,
      "totalDiscounts": 51.8,
      "purchaseCount": 3,
      "avgTicket": 62.78666666666667,
      "topProducts": [],
      "firstPurchase": "2025-06-27",
      "lastPurchase": "2025-06-27",
      "channels": [
        "Devils Thumb Distillery"
      ]
    },
    {
      "customerId": "9DJH0Q0Z7SX8XYEDQWD637SAGR",
      "customerName": "N",
      "totalNetSales": 188.12,
      "totalGrossSales": 209.89,
      "totalUnits": 3,
      "totalDiscounts": 51.8,
      "purchaseCount": 2,
      "avgTicket": 94.06,
      "topProducts": [],
      "firstPurchase": "2025-05-16",
      "lastPurchase": "2025-05-16",
      "channels": [
        "Cellar Door and Online"
      ]
    },
    {
      "customerId": "70K59R53TD3HK2HFJKZR3Y7KJ8",
      "customerName": "Josh Wall",
      "totalNetSales": 187.64,
      "totalGrossSales": 206.39999999999998,
      "totalUnits": 2,
      "totalDiscounts": 51.599999999999994,
      "purchaseCount": 2,
      "avgTicket": 93.82,
      "topProducts": [],
      "firstPurchase": "2025-06-26",
      "lastPurchase": "2025-06-26",
      "channels": [
        "Devils Thumb Distillery"
      ]
    },
    {
      "customerId": "BVCE6QMBBX3K7FHKDSW11495NC",
      "customerName": "Paul Jarvinen",
      "totalNetSales": 185.45,
      "totalGrossSales": 204,
      "totalUnits": 3,
      "totalDiscounts": 36,
      "purchaseCount": 2,
      "avgTicket": 92.725,
      "topProducts": [],
      "firstPurchase": "2025-02-05",
      "lastPurchase": "2025-02-05",
      "channels": [
        "Devils Thumb Distillery"
      ]
    },
    {
      "customerId": "8F551P9Q6VT1W48DE4VJGRCFKR",
      "customerName": "Guy Rees",
      "totalNetSales": 185.45,
      "totalGrossSales": 204,
      "totalUnits": 3,
      "totalDiscounts": 36,
      "purchaseCount": 1,
      "avgTicket": 185.45,
      "topProducts": [],
      "firstPurchase": "2025-01-30",
      "lastPurchase": "2025-01-30",
      "channels": [
        "Devils Thumb Distillery"
      ]
    },
    {
      "customerId": "Y5C0GZMXY3WGF3TV1VG4QKXJ3G",
      "customerName": "",
      "totalNetSales": 185.20999999999998,
      "totalGrossSales": 206.65,
      "totalUnits": 4,
      "totalDiscounts": 10,
      "purchaseCount": 4,
      "avgTicket": 46.302499999999995,
      "topProducts": [],
      "firstPurchase": "2025-08-28",
      "lastPurchase": "2025-08-28",
      "channels": [
        "Cellar Door and Online"
      ]
    },
    {
      "customerId": "J67HFAMSYCHDN14ZE4B9MYQBNW",
      "customerName": "David Loughhead",
      "totalNetSales": 183.64,
      "totalGrossSales": 202,
      "totalUnits": 5,
      "totalDiscounts": 10,
      "purchaseCount": 5,
      "avgTicket": 36.727999999999994,
      "topProducts": [],
      "firstPurchase": "2024-11-30",
      "lastPurchase": "2024-11-30",
      "channels": [
        "Cellar Door and Online"
      ]
    },
    {
      "customerId": "RNAGHK5FGFXCQC7Y3S8FZZJJ3M",
      "customerName": "Kylie Mrazek",
      "totalNetSales": 180.36,
      "totalGrossSales": 198.4,
      "totalUnits": 2,
      "totalDiscounts": 49.6,
      "purchaseCount": 2,
      "avgTicket": 90.18,
      "topProducts": [],
      "firstPurchase": "2025-05-15",
      "lastPurchase": "2025-05-15",
      "channels": [
        "Devils Thumb Distillery"
      ]
    },
    {
      "customerId": "QT0R9KYQ0BJ591SFEK9C772EN4",
      "customerName": "aylesk71@gmail.com",
      "totalNetSales": 180.17,
      "totalGrossSales": 201.02999999999997,
      "totalUnits": 3,
      "totalDiscounts": 0,
      "purchaseCount": 3,
      "avgTicket": 60.056666666666665,
      "topProducts": [],
      "firstPurchase": "2025-08-02",
      "lastPurchase": "2025-08-02",
      "channels": [
        "Cellar Door and Online"
      ]
    },
    {
      "customerId": "6WF2FPVEPX7BK0CNRQ3VFVMQY0",
      "customerName": "David Searle",
      "totalNetSales": 180,
      "totalGrossSales": 198,
      "totalUnits": 2,
      "totalDiscounts": 0,
      "purchaseCount": 2,
      "avgTicket": 90,
      "topProducts": [],
      "firstPurchase": "2025-10-06",
      "lastPurchase": "2025-10-06",
      "channels": [
        "Devils Thumb Distillery"
      ]
    },
    {
      "customerId": "GXT639H1A1ZYY48GAKX9T3V9ZC",
      "customerName": "Paul Lowry",
      "totalNetSales": 180,
      "totalGrossSales": 198,
      "totalUnits": 2,
      "totalDiscounts": 0,
      "purchaseCount": 2,
      "avgTicket": 90,
      "topProducts": [],
      "firstPurchase": "2025-09-14",
      "lastPurchase": "2025-09-14",
      "channels": [
        "Devils Thumb Distillery"
      ]
    },
    {
      "customerId": "ZZC4R48V81G00G8T3KGM9R018M",
      "customerName": "Andreas Koutris",
      "totalNetSales": 180,
      "totalGrossSales": 198,
      "totalUnits": 2,
      "totalDiscounts": 0,
      "purchaseCount": 1,
      "avgTicket": 180,
      "topProducts": [],
      "firstPurchase": "2025-05-24",
      "lastPurchase": "2025-05-24",
      "channels": [
        "Devils Thumb Distillery"
      ]
    },
    {
      "customerId": "KVHV8N4VJ94NVEHQK4VC81Z3A0",
      "customerName": "Helen Vanderfield",
      "totalNetSales": 180,
      "totalGrossSales": 198,
      "totalUnits": 3,
      "totalDiscounts": 22,
      "purchaseCount": 2,
      "avgTicket": 90,
      "topProducts": [],
      "firstPurchase": "2025-04-23",
      "lastPurchase": "2025-04-23",
      "channels": [
        "Devils Thumb Distillery"
      ]
    },
    {
      "customerId": "AGM6TPFSVZDP1E86NSZ9V7DZT8",
      "customerName": "Megan Greene",
      "totalNetSales": 180,
      "totalGrossSales": 198,
      "totalUnits": 2,
      "totalDiscounts": 0,
      "purchaseCount": 2,
      "avgTicket": 90,
      "topProducts": [],
      "firstPurchase": "2025-04-18",
      "lastPurchase": "2025-04-18",
      "channels": [
        "Cellar Door and Online"
      ]
    },
    {
      "customerId": "915Z8AXH4N6YRHTDWZKVR30294",
      "customerName": "Aaron Rigby",
      "totalNetSales": 180,
      "totalGrossSales": 198,
      "totalUnits": 2,
      "totalDiscounts": 0,
      "purchaseCount": 2,
      "avgTicket": 90,
      "topProducts": [],
      "firstPurchase": "2025-02-02",
      "lastPurchase": "2025-02-02",
      "channels": [
        "Devils Thumb Distillery"
      ]
    },
    {
      "customerId": "BTXDYM1C055CZ3H9171EM4GK7W",
      "customerName": "Bruce Bates",
      "totalNetSales": 180,
      "totalGrossSales": 198,
      "totalUnits": 2,
      "totalDiscounts": 0,
      "purchaseCount": 2,
      "avgTicket": 90,
      "topProducts": [],
      "firstPurchase": "2025-01-26",
      "lastPurchase": "2025-01-26",
      "channels": [
        "Devils Thumb Distillery"
      ]
    },
    {
      "customerId": "4VBF4KY6HD3CK2DTNFRHP36HF8",
      "customerName": "Janine Salt",
      "totalNetSales": 180,
      "totalGrossSales": 198,
      "totalUnits": 2,
      "totalDiscounts": 0,
      "purchaseCount": 1,
      "avgTicket": 180,
      "topProducts": [],
      "firstPurchase": "2024-12-06",
      "lastPurchase": "2024-12-06",
      "channels": [
        "Devils Thumb Distillery"
      ]
    },
    {
      "customerId": "KGM4E08DGB257QMVA9TY0RHVRR",
      "customerName": "",
      "totalNetSales": 179.77,
      "totalGrossSales": 200.57,
      "totalUnits": 2,
      "totalDiscounts": 0,
      "purchaseCount": 1,
      "avgTicket": 179.77,
      "topProducts": [],
      "firstPurchase": "2025-11-06",
      "lastPurchase": "2025-11-06",
      "channels": [
        "Cellar Door and Online"
      ]
    },
    {
      "customerId": "1MP1WP0EAN10F5W9KFHW0DNKW4",
      "customerName": "J",
      "totalNetSales": 179.76999999999998,
      "totalGrossSales": 200.57,
      "totalUnits": 2,
      "totalDiscounts": 0,
      "purchaseCount": 2,
      "avgTicket": 89.88499999999999,
      "topProducts": [],
      "firstPurchase": "2025-07-10",
      "lastPurchase": "2025-07-10",
      "channels": [
        "Cellar Door and Online"
      ]
    },
    {
      "customerId": "YREKYXHK9H17VED9JQ1B2JQRQM",
      "customerName": "Ashley Ross",
      "totalNetSales": 171.82,
      "totalGrossSales": 189,
      "totalUnits": 4,
      "totalDiscounts": 0,
      "purchaseCount": 3,
      "avgTicket": 57.27333333333333,
      "topProducts": [],
      "firstPurchase": "2025-04-10",
      "lastPurchase": "2025-04-10",
      "channels": [
        "Cellar Door and Online"
      ]
    },
    {
      "customerId": "BMDPXCN461MX8KRDBJ2NR1H7GG",
      "customerName": "Mrs Smit",
      "totalNetSales": 171.59,
      "totalGrossSales": 191.46,
      "totalUnits": 3,
      "totalDiscounts": 20,
      "purchaseCount": 3,
      "avgTicket": 57.196666666666665,
      "topProducts": [],
      "firstPurchase": "2025-08-16",
      "lastPurchase": "2025-08-16",
      "channels": [
        "Cellar Door and Online"
      ]
    },
    {
      "customerId": "YBR89TGPP7JTH2KFYYWV8MK5PC",
      "customerName": "Thomas Pausina",
      "totalNetSales": 170.91,
      "totalGrossSales": 188,
      "totalUnits": 2,
      "totalDiscounts": 0,
      "purchaseCount": 2,
      "avgTicket": 85.455,
      "topProducts": [],
      "firstPurchase": "2025-08-30",
      "lastPurchase": "2025-08-30",
      "channels": [
        "Devils Thumb Distillery"
      ]
    },
    {
      "customerId": "RWA8ZS7XX1PNADTXW7GPSC9EF4",
      "customerName": "Michaela Rybinski",
      "totalNetSales": 170.91,
      "totalGrossSales": 188,
      "totalUnits": 2,
      "totalDiscounts": 0,
      "purchaseCount": 2,
      "avgTicket": 85.455,
      "topProducts": [],
      "firstPurchase": "2025-05-06",
      "lastPurchase": "2025-05-06",
      "channels": [
        "Devils Thumb Distillery"
      ]
    },
    {
      "customerId": "S5PTP617WMEJAH9X882WA50J20",
      "customerName": "John Marhin",
      "totalNetSales": 167.73000000000002,
      "totalGrossSales": 184.5,
      "totalUnits": 3,
      "totalDiscounts": 20.5,
      "purchaseCount": 3,
      "avgTicket": 55.910000000000004,
      "topProducts": [],
      "firstPurchase": "2025-01-12",
      "lastPurchase": "2025-01-12",
      "channels": [
        "Devils Thumb Distillery"
      ]
    },
    {
      "customerId": "Z6GBAMHDTAD2ZMFD845EFW7NHW",
      "customerName": "davidbevan1976@gmail.com",
      "totalNetSales": 165.87,
      "totalGrossSales": 185.07999999999998,
      "totalUnits": 2,
      "totalDiscounts": 10,
      "purchaseCount": 2,
      "avgTicket": 82.935,
      "topProducts": [],
      "firstPurchase": "2025-08-02",
      "lastPurchase": "2025-08-02",
      "channels": [
        "Cellar Door and Online"
      ]
    },
    {
      "customerId": "40KGM5HDWVDD75Y47PE5CR39PG",
      "customerName": "Tom Nicholls",
      "totalNetSales": 162.73000000000002,
      "totalGrossSales": 179,
      "totalUnits": 2,
      "totalDiscounts": 0,
      "purchaseCount": 2,
      "avgTicket": 81.36500000000001,
      "topProducts": [],
      "firstPurchase": "2025-10-06",
      "lastPurchase": "2025-10-06",
      "channels": [
        "Devils Thumb Distillery"
      ]
    },
    {
      "customerId": "36RY58KTJH5VN4SJ0W4ACCFKBM",
      "customerName": "Chris Stone",
      "totalNetSales": 162.73000000000002,
      "totalGrossSales": 179,
      "totalUnits": 2,
      "totalDiscounts": 0,
      "purchaseCount": 2,
      "avgTicket": 81.36500000000001,
      "topProducts": [],
      "firstPurchase": "2025-08-05",
      "lastPurchase": "2025-08-05",
      "channels": [
        "Devils Thumb Distillery"
      ]
    },
    {
      "customerId": "GR8EEQ5ZEP3ZDDEVPY62VG2MNR",
      "customerName": "Holly Fowler",
      "totalNetSales": 162.73000000000002,
      "totalGrossSales": 179,
      "totalUnits": 2,
      "totalDiscounts": 0,
      "purchaseCount": 2,
      "avgTicket": 81.36500000000001,
      "topProducts": [],
      "firstPurchase": "2025-02-07",
      "lastPurchase": "2025-02-07",
      "channels": [
        "Devils Thumb Distillery"
      ]
    },
    {
      "customerId": "Y2XCXSMXEX50B3HHB6MSJ3QGWM",
      "customerName": "Angus",
      "totalNetSales": 162.73000000000002,
      "totalGrossSales": 179,
      "totalUnits": 2,
      "totalDiscounts": 0,
      "purchaseCount": 2,
      "avgTicket": 81.36500000000001,
      "topProducts": [],
      "firstPurchase": "2024-12-14",
      "lastPurchase": "2024-12-14",
      "channels": [
        "Cellar Door and Online"
      ]
    },
    {
      "customerId": "R6SRET0SCHSHQ1GMF95WHM3NK4",
      "customerName": "",
      "totalNetSales": 162.52,
      "totalGrossSales": 181.32999999999998,
      "totalUnits": 4,
      "totalDiscounts": 10,
      "purchaseCount": 3,
      "avgTicket": 54.17333333333334,
      "topProducts": [],
      "firstPurchase": "2025-08-14",
      "lastPurchase": "2025-08-14",
      "channels": [
        "Cellar Door and Online"
      ]
    },
    {
      "customerId": "W0PPKYMBVPMBTGDBRV005Z53HW",
      "customerName": "Lindsay Beckham",
      "totalNetSales": 161.82,
      "totalGrossSales": 178,
      "totalUnits": 2,
      "totalDiscounts": 0,
      "purchaseCount": 2,
      "avgTicket": 80.91,
      "topProducts": [],
      "firstPurchase": "2025-02-05",
      "lastPurchase": "2025-08-30",
      "channels": [
        "Devils Thumb Distillery",
        "Cellar Door and Online"
      ]
    },
    {
      "customerId": "VNME0G11HASRB9MNQ3AY3NACHM",
      "customerName": "",
      "totalNetSales": 161.60999999999999,
      "totalGrossSales": 180.31,
      "totalUnits": 3,
      "totalDiscounts": 10,
      "purchaseCount": 3,
      "avgTicket": 53.87,
      "topProducts": [],
      "firstPurchase": "2025-10-16",
      "lastPurchase": "2025-10-16",
      "channels": [
        "Cellar Door and Online"
      ]
    },
    {
      "customerId": "ZZ3JGQ5QK7NA8VN1MF5DB09HCR",
      "customerName": "",
      "totalNetSales": 160.91000000000003,
      "totalGrossSales": 177,
      "totalUnits": 9,
      "totalDiscounts": 10,
      "purchaseCount": 5,
      "avgTicket": 32.182,
      "topProducts": [],
      "firstPurchase": "2024-12-19",
      "lastPurchase": "2024-12-19",
      "channels": [
        "Cellar Door and Online"
      ]
    },
    {
      "customerId": "EAQWNZ12Z98K4MH5XVA1NSRXKW",
      "customerName": "Mr Everett",
      "totalNetSales": 160.91,
      "totalGrossSales": 177,
      "totalUnits": 9,
      "totalDiscounts": 10,
      "purchaseCount": 8,
      "avgTicket": 20.11375,
      "topProducts": [],
      "firstPurchase": "2024-12-21",
      "lastPurchase": "2024-12-21",
      "channels": [
        "Cellar Door and Online"
      ]
    },
    {
      "customerId": "10KAG6VD3X3X9F7MJ7TX6301HW",
      "customerName": "Charles Hatvani",
      "totalNetSales": 160,
      "totalGrossSales": 176,
      "totalUnits": 7,
      "totalDiscounts": 10,
      "purchaseCount": 5,
      "avgTicket": 32,
      "topProducts": [],
      "firstPurchase": "2024-12-13",
      "lastPurchase": "2024-12-13",
      "channels": [
        "Cellar Door and Online"
      ]
    },
    {
      "customerId": "ABA9S1F9H7Y03JC7Z9QX2BW9BC",
      "customerName": "Katrina Scott",
      "totalNetSales": 158.88,
      "totalGrossSales": 177.28,
      "totalUnits": 4,
      "totalDiscounts": 0,
      "purchaseCount": 3,
      "avgTicket": 52.96,
      "topProducts": [],
      "firstPurchase": "2025-10-03",
      "lastPurchase": "2025-10-03",
      "channels": [
        "Cellar Door and Online"
      ]
    },
    {
      "customerId": "76XX82KVRD71VF3J02952QZ424",
      "customerName": "Sue King",
      "totalNetSales": 157.98000000000002,
      "totalGrossSales": 176.26,
      "totalUnits": 2,
      "totalDiscounts": 10,
      "purchaseCount": 2,
      "avgTicket": 78.99000000000001,
      "topProducts": [],
      "firstPurchase": "2025-10-17",
      "lastPurchase": "2025-10-17",
      "channels": [
        "Cellar Door and Online"
      ]
    },
    {
      "customerId": "09XP7MW8NBNSNX8PTVWE500GHM",
      "customerName": "",
      "totalNetSales": 157.26999999999998,
      "totalGrossSales": 173,
      "totalUnits": 9,
      "totalDiscounts": 10,
      "purchaseCount": 9,
      "avgTicket": 17.474444444444444,
      "topProducts": [],
      "firstPurchase": "2024-12-28",
      "lastPurchase": "2024-12-28",
      "channels": [
        "Cellar Door and Online"
      ]
    },
    {
      "customerId": "FW6MTPK7S0HZ8JRH418M2D8GC4",
      "customerName": "Home Parker",
      "totalNetSales": 154.55,
      "totalGrossSales": 170,
      "totalUnits": 2,
      "totalDiscounts": 0,
      "purchaseCount": 1,
      "avgTicket": 154.55,
      "topProducts": [],
      "firstPurchase": "2025-07-20",
      "lastPurchase": "2025-07-20",
      "channels": [
        "Devils Thumb Distillery"
      ]
    },
    {
      "customerId": "7XR9SX2QQQ5FXY32YJHWPZ9WB8",
      "customerName": "Kathryn Baker",
      "totalNetSales": 153.64,
      "totalGrossSales": 169,
      "totalUnits": 1,
      "totalDiscounts": 0,
      "purchaseCount": 1,
      "avgTicket": 153.64,
      "topProducts": [],
      "firstPurchase": "2025-08-18",
      "lastPurchase": "2025-08-18",
      "channels": [
        "Devils Thumb Distillery"
      ]
    },
    {
      "customerId": "TQX4TWK6156S7CHVJD6E7F69DR",
      "customerName": "Loki Finnigan",
      "totalNetSales": 153.64,
      "totalGrossSales": 169,
      "totalUnits": 1,
      "totalDiscounts": 0,
      "purchaseCount": 1,
      "avgTicket": 153.64,
      "topProducts": [],
      "firstPurchase": "2025-03-10",
      "lastPurchase": "2025-03-10",
      "channels": [
        "Devils Thumb Distillery"
      ]
    },
    {
      "customerId": "FPQQGP2VCJ441XQSD0RQK2070G, FPQQGP2VCJ441XQSD0RQK2070G",
      "customerName": "Andrew Gellatly, Andrew Gellatly",
      "totalNetSales": 153.64,
      "totalGrossSales": 169,
      "totalUnits": 1,
      "totalDiscounts": 0,
      "purchaseCount": 1,
      "avgTicket": 153.64,
      "topProducts": [],
      "firstPurchase": "2024-12-18",
      "lastPurchase": "2024-12-18",
      "channels": [
        "Devils Thumb Distillery"
      ]
    },
    {
      "customerId": "KX04DFB53CN9KEEX53338P5Y2C",
      "customerName": "",
      "totalNetSales": 151.57999999999998,
      "totalGrossSales": 169.12,
      "totalUnits": 7,
      "totalDiscounts": 10,
      "purchaseCount": 7,
      "avgTicket": 21.654285714285713,
      "topProducts": [],
      "firstPurchase": "2025-11-08",
      "lastPurchase": "2025-11-08",
      "channels": [
        "Cellar Door and Online"
      ]
    },
    {
      "customerId": "55JT61WV81ZXZB9B144A6EF8RC",
      "customerName": "Mark Robinson",
      "totalNetSales": 151.57999999999998,
      "totalGrossSales": 169.12,
      "totalUnits": 2,
      "totalDiscounts": 20,
      "purchaseCount": 2,
      "avgTicket": 75.78999999999999,
      "topProducts": [],
      "firstPurchase": "2025-10-04",
      "lastPurchase": "2025-10-04",
      "channels": [
        "Cellar Door and Online"
      ]
    },
    {
      "customerId": "48NTA2KQXYK7ZK3CKEZXHFQHAW",
      "customerName": "",
      "totalNetSales": 150.91,
      "totalGrossSales": 166,
      "totalUnits": 7,
      "totalDiscounts": 0,
      "purchaseCount": 4,
      "avgTicket": 37.7275,
      "topProducts": [],
      "firstPurchase": "2024-12-21",
      "lastPurchase": "2024-12-21",
      "channels": [
        "Cellar Door and Online"
      ]
    },
    {
      "customerId": "M6D7MFGJB8PJKCEX2CDNC8EYQR",
      "customerName": "Cathy Mcdonald",
      "totalNetSales": 150,
      "totalGrossSales": 165,
      "totalUnits": 2,
      "totalDiscounts": 0,
      "purchaseCount": 2,
      "avgTicket": 75,
      "topProducts": [],
      "firstPurchase": "2024-12-09",
      "lastPurchase": "2024-12-09",
      "channels": [
        "Devils Thumb Distillery"
      ]
    },
    {
      "customerId": "5AR7PQ7MG4TMY4B9S626KZ3Q8G",
      "customerName": "Kylie Sperling",
      "totalNetSales": 149.09,
      "totalGrossSales": 164,
      "totalUnits": 2,
      "totalDiscounts": 0,
      "purchaseCount": 2,
      "avgTicket": 74.545,
      "topProducts": [],
      "firstPurchase": "2025-10-31",
      "lastPurchase": "2025-10-31",
      "channels": [
        "Devils Thumb Distillery"
      ]
    },
    {
      "customerId": "QPHEBVJGJN2FSCA01KB772VXR0",
      "customerName": "Dave and Nat Sann Kahajaroen",
      "totalNetSales": 149.09,
      "totalGrossSales": 164,
      "totalUnits": 2,
      "totalDiscounts": 0,
      "purchaseCount": 2,
      "avgTicket": 74.545,
      "topProducts": [],
      "firstPurchase": "2025-08-11",
      "lastPurchase": "2025-08-11",
      "channels": [
        "Devils Thumb Distillery"
      ]
    },
    {
      "customerId": "HMHAQSMEV94QS4EJKQ5HQQSMGM",
      "customerName": "Meg Wild",
      "totalNetSales": 147.27,
      "totalGrossSales": 162,
      "totalUnits": 3,
      "totalDiscounts": 18,
      "purchaseCount": 1,
      "avgTicket": 147.27,
      "topProducts": [],
      "firstPurchase": "2025-07-30",
      "lastPurchase": "2025-07-30",
      "channels": [
        "Devils Thumb Distillery"
      ]
    },
    {
      "customerId": "CPPFJ3PCKX3V16JWKJ6H1FSKGG",
      "customerName": "teachingmum@hotmIl.com",
      "totalNetSales": 147.07999999999998,
      "totalGrossSales": 164.10999999999996,
      "totalUnits": 4,
      "totalDiscounts": 10,
      "purchaseCount": 4,
      "avgTicket": 36.769999999999996,
      "topProducts": [],
      "firstPurchase": "2025-09-05",
      "lastPurchase": "2025-09-05",
      "channels": [
        "Cellar Door and Online"
      ]
    },
    {
      "customerId": "2PAHQF2TT0T2WPWHQ9NV871S6R",
      "customerName": "",
      "totalNetSales": 146.45,
      "totalGrossSales": 161.1,
      "totalUnits": 2,
      "totalDiscounts": 17.9,
      "purchaseCount": 2,
      "avgTicket": 73.225,
      "topProducts": [],
      "firstPurchase": "2025-01-29",
      "lastPurchase": "2025-01-29",
      "channels": [
        "Cellar Door and Online"
      ]
    },
    {
      "customerId": "398A6YWC7W8PS080MZFW4D11J8",
      "customerName": "Lucy Hannah",
      "totalNetSales": 145.46,
      "totalGrossSales": 160,
      "totalUnits": 2,
      "totalDiscounts": 0,
      "purchaseCount": 2,
      "avgTicket": 72.73,
      "topProducts": [],
      "firstPurchase": "2025-08-17",
      "lastPurchase": "2025-08-17",
      "channels": [
        "Devils Thumb Distillery"
      ]
    },
    {
      "customerId": "A74PGZH5VG0GM99DPWD9P6FQH0",
      "customerName": "Sian Grierson",
      "totalNetSales": 145.46,
      "totalGrossSales": 160,
      "totalUnits": 2,
      "totalDiscounts": 0,
      "purchaseCount": 2,
      "avgTicket": 72.73,
      "topProducts": [],
      "firstPurchase": "2024-12-15",
      "lastPurchase": "2025-02-14",
      "channels": [
        "Devils Thumb Distillery"
      ]
    },
    {
      "customerId": "6FCRH6D00AF7VF0HWVBG9XPDHC",
      "customerName": "Sarah Mumford",
      "totalNetSales": 145.45,
      "totalGrossSales": 160,
      "totalUnits": 2,
      "totalDiscounts": 0,
      "purchaseCount": 1,
      "avgTicket": 145.45,
      "topProducts": [],
      "firstPurchase": "2025-07-17",
      "lastPurchase": "2025-07-17",
      "channels": [
        "Devils Thumb Distillery"
      ]
    },
    {
      "customerId": "XRNS8XY4513QK4X7W15SX8PZ50",
      "customerName": "Kathleen Fisher",
      "totalNetSales": 145.45,
      "totalGrossSales": 160,
      "totalUnits": 2,
      "totalDiscounts": 0,
      "purchaseCount": 1,
      "avgTicket": 145.45,
      "topProducts": [],
      "firstPurchase": "2025-03-24",
      "lastPurchase": "2025-03-24",
      "channels": [
        "Devils Thumb Distillery"
      ]
    },
    {
      "customerId": "KMTX28WWRWDQYM4TVD3B64JMRM",
      "customerName": "David Osborne",
      "totalNetSales": 145.45,
      "totalGrossSales": 160,
      "totalUnits": 2,
      "totalDiscounts": 0,
      "purchaseCount": 1,
      "avgTicket": 145.45,
      "topProducts": [],
      "firstPurchase": "2025-03-20",
      "lastPurchase": "2025-03-20",
      "channels": [
        "Devils Thumb Distillery"
      ]
    },
    {
      "customerId": "V2GB7CVD6X4YNDCH7GC483Y4BC",
      "customerName": "Vicki Hartleib",
      "totalNetSales": 145.45,
      "totalGrossSales": 160,
      "totalUnits": 2,
      "totalDiscounts": 0,
      "purchaseCount": 1,
      "avgTicket": 145.45,
      "topProducts": [],
      "firstPurchase": "2024-12-16",
      "lastPurchase": "2024-12-16",
      "channels": [
        "Devils Thumb Distillery"
      ]
    },
    {
      "customerId": "YPVZ05ZZ8D3P18P7N919K1FCKR",
      "customerName": "christine whitby",
      "totalNetSales": 144.36,
      "totalGrossSales": 161.07,
      "totalUnits": 2,
      "totalDiscounts": 20,
      "purchaseCount": 2,
      "avgTicket": 72.18,
      "topProducts": [],
      "firstPurchase": "2025-10-31",
      "lastPurchase": "2025-10-31",
      "channels": [
        "Cellar Door and Online"
      ]
    },
    {
      "customerId": "A9Z9FH17RRJCX03R1K4K80FPG8",
      "customerName": "",
      "totalNetSales": 144.36,
      "totalGrossSales": 161.07,
      "totalUnits": 2,
      "totalDiscounts": 20,
      "purchaseCount": 2,
      "avgTicket": 72.18,
      "topProducts": [],
      "firstPurchase": "2025-08-21",
      "lastPurchase": "2025-08-21",
      "channels": [
        "Cellar Door and Online"
      ]
    },
    {
      "customerId": "53VY6PFPGH7FF9G5DW21F5ADS0",
      "customerName": "Scott Jukes",
      "totalNetSales": 144,
      "totalGrossSales": 158.4,
      "totalUnits": 2,
      "totalDiscounts": 39.6,
      "purchaseCount": 1,
      "avgTicket": 144,
      "topProducts": [],
      "firstPurchase": "2025-05-19",
      "lastPurchase": "2025-05-19",
      "channels": [
        "Devils Thumb Distillery"
      ]
    },
    {
      "customerId": "J5A0JCQMJPW9RWADF0B8HVKQV4",
      "customerName": "Chris Naunton Morgan",
      "totalNetSales": 144,
      "totalGrossSales": 158.4,
      "totalUnits": 2,
      "totalDiscounts": 39.6,
      "purchaseCount": 2,
      "avgTicket": 72,
      "topProducts": [],
      "firstPurchase": "2025-05-16",
      "lastPurchase": "2025-05-16",
      "channels": [
        "Devils Thumb Distillery"
      ]
    },
    {
      "customerId": "SKHG8PA72F7Z3XKZHHYVE0B0D8",
      "customerName": "",
      "totalNetSales": 142.04,
      "totalGrossSales": 158.48,
      "totalUnits": 2,
      "totalDiscounts": 20,
      "purchaseCount": 2,
      "avgTicket": 71.02,
      "topProducts": [],
      "firstPurchase": "2025-07-05",
      "lastPurchase": "2025-07-05",
      "channels": [
        "Cellar Door and Online"
      ]
    },
    {
      "customerId": "GA2C2PNQZTY236XZWRCR6GVJHC",
      "customerName": "Mr Hindson",
      "totalNetSales": 138.23,
      "totalGrossSales": 154.23,
      "totalUnits": 5,
      "totalDiscounts": 0,
      "purchaseCount": 4,
      "avgTicket": 34.5575,
      "topProducts": [],
      "firstPurchase": "2025-08-09",
      "lastPurchase": "2025-08-09",
      "channels": [
        "Cellar Door and Online"
      ]
    },
    {
      "customerId": "YK262BPPT0ZE9YXM4XDF10SHAW",
      "customerName": "",
      "totalNetSales": 136.19,
      "totalGrossSales": 151.95,
      "totalUnits": 2,
      "totalDiscounts": 10,
      "purchaseCount": 1,
      "avgTicket": 136.19,
      "topProducts": [],
      "firstPurchase": "2025-10-03",
      "lastPurchase": "2025-10-03",
      "channels": [
        "Cellar Door and Online"
      ]
    },
    {
      "customerId": "FGPXC45KMEYB15RFRS0XVK9VJG",
      "customerName": "",
      "totalNetSales": 136.19,
      "totalGrossSales": 151.95,
      "totalUnits": 2,
      "totalDiscounts": 10,
      "purchaseCount": 1,
      "avgTicket": 136.19,
      "topProducts": [],
      "firstPurchase": "2025-07-15",
      "lastPurchase": "2025-07-15",
      "channels": [
        "Cellar Door and Online"
      ]
    },
    {
      "customerId": "41555YZQG5RYTJBE81EV6H2KXG",
      "customerName": "Tim Harry",
      "totalNetSales": 135.45,
      "totalGrossSales": 149,
      "totalUnits": 1,
      "totalDiscounts": 0,
      "purchaseCount": 1,
      "avgTicket": 135.45,
      "topProducts": [],
      "firstPurchase": "2024-12-19",
      "lastPurchase": "2024-12-19",
      "channels": [
        "Devils Thumb Distillery"
      ]
    },
    {
      "customerId": "2VPH2XV2K10KHB7XCY7N7YD1ER",
      "customerName": "Liam Bates",
      "totalNetSales": 135.45,
      "totalGrossSales": 149,
      "totalUnits": 1,
      "totalDiscounts": 0,
      "purchaseCount": 1,
      "avgTicket": 135.45,
      "topProducts": [],
      "firstPurchase": "2024-12-14",
      "lastPurchase": "2024-12-14",
      "channels": [
        "Cellar Door and Online"
      ]
    },
    {
      "customerId": "P5HQYN212GHSZSAP333ACJ7KQC",
      "customerName": "Jesse Barnes",
      "totalNetSales": 135.45,
      "totalGrossSales": 149,
      "totalUnits": 1,
      "totalDiscounts": 0,
      "purchaseCount": 1,
      "avgTicket": 135.45,
      "topProducts": [],
      "firstPurchase": "2024-12-10",
      "lastPurchase": "2024-12-10",
      "channels": [
        "Devils Thumb Distillery"
      ]
    },
    {
      "customerId": "1ZTRCNMD16YX3889AY4RFZRBF8",
      "customerName": "Christine McMinn",
      "totalNetSales": 135.45,
      "totalGrossSales": 149,
      "totalUnits": 1,
      "totalDiscounts": 0,
      "purchaseCount": 1,
      "avgTicket": 135.45,
      "topProducts": [],
      "firstPurchase": "2024-12-06",
      "lastPurchase": "2024-12-06",
      "channels": [
        "Devils Thumb Distillery"
      ]
    },
    {
      "customerId": "GWX0YGNT1WMB940Z690G4MWBFR",
      "customerName": "Scott Carney",
      "totalNetSales": 135.45,
      "totalGrossSales": 149,
      "totalUnits": 1,
      "totalDiscounts": 0,
      "purchaseCount": 1,
      "avgTicket": 135.45,
      "topProducts": [],
      "firstPurchase": "2024-12-05",
      "lastPurchase": "2024-12-05",
      "channels": [
        "Devils Thumb Distillery"
      ]
    },
    {
      "customerId": "ENG7SBQPZ5E9P0AGVX61A5GVX4",
      "customerName": "Kathryn moll",
      "totalNetSales": 135.45,
      "totalGrossSales": 149,
      "totalUnits": 1,
      "totalDiscounts": 0,
      "purchaseCount": 1,
      "avgTicket": 135.45,
      "topProducts": [],
      "firstPurchase": "2024-12-05",
      "lastPurchase": "2024-12-05",
      "channels": [
        "Devils Thumb Distillery"
      ]
    },
    {
      "customerId": "6TDD8A4P4S04AQXKQVB85ZJ3TC",
      "customerName": "David Wojtowyez",
      "totalNetSales": 135.45,
      "totalGrossSales": 149,
      "totalUnits": 1,
      "totalDiscounts": 0,
      "purchaseCount": 1,
      "avgTicket": 135.45,
      "topProducts": [],
      "firstPurchase": "2024-12-05",
      "lastPurchase": "2024-12-05",
      "channels": [
        "Devils Thumb Distillery"
      ]
    },
    {
      "customerId": "J9SW7J7KKRDVQ4BFM90ZVVGDDC",
      "customerName": "Sam Torrisi",
      "totalNetSales": 135.45,
      "totalGrossSales": 149,
      "totalUnits": 1,
      "totalDiscounts": 0,
      "purchaseCount": 1,
      "avgTicket": 135.45,
      "topProducts": [],
      "firstPurchase": "2024-12-05",
      "lastPurchase": "2024-12-05",
      "channels": [
        "Devils Thumb Distillery"
      ]
    },
    {
      "customerId": "8TZJK6K31TPK6E8DRXA33256NM",
      "customerName": "edncol@aol.com",
      "totalNetSales": 135.28,
      "totalGrossSales": 150.94,
      "totalUnits": 2,
      "totalDiscounts": 20,
      "purchaseCount": 2,
      "avgTicket": 67.64,
      "topProducts": [],
      "firstPurchase": "2025-11-06",
      "lastPurchase": "2025-11-06",
      "channels": [
        "Cellar Door and Online"
      ]
    },
    {
      "customerId": "X4N76GPMGFJ43JA7BZS57R6XHG",
      "customerName": "",
      "totalNetSales": 135.13,
      "totalGrossSales": 150.76999999999998,
      "totalUnits": 7,
      "totalDiscounts": 21.25,
      "purchaseCount": 7,
      "avgTicket": 19.304285714285715,
      "topProducts": [],
      "firstPurchase": "2025-08-30",
      "lastPurchase": "2025-08-30",
      "channels": [
        "Cellar Door and Online"
      ]
    },
    {
      "customerId": ",",
      "customerName": ",",
      "totalNetSales": 134.54999999999998,
      "totalGrossSales": 148,
      "totalUnits": 7,
      "totalDiscounts": 10,
      "purchaseCount": 4,
      "avgTicket": 33.637499999999996,
      "topProducts": [],
      "firstPurchase": "2024-12-28",
      "lastPurchase": "2025-05-30",
      "channels": [
        "Cellar Door and Online"
      ]
    },
    {
      "customerId": "1F1HFJ7EFFYEFBC4D67X68CF34",
      "customerName": "kristiebarber@hotmail.com",
      "totalNetSales": 134.37,
      "totalGrossSales": 149.92000000000002,
      "totalUnits": 4,
      "totalDiscounts": 0,
      "purchaseCount": 4,
      "avgTicket": 33.5925,
      "topProducts": [],
      "firstPurchase": "2025-07-25",
      "lastPurchase": "2025-07-25",
      "channels": [
        "Cellar Door and Online"
      ]
    },
    {
      "customerId": "7TEEQXGRZH5FSB2NAA6C0GZ3T0",
      "customerName": "Samuel Humphreys",
      "totalNetSales": 133.82,
      "totalGrossSales": 147.2,
      "totalUnits": 2,
      "totalDiscounts": 36.8,
      "purchaseCount": 2,
      "avgTicket": 66.91,
      "topProducts": [],
      "firstPurchase": "2025-06-27",
      "lastPurchase": "2025-06-27",
      "channels": [
        "Devils Thumb Distillery"
      ]
    },
    {
      "customerId": "C42RDAW12EAN59KWZ720DSEDNR",
      "customerName": "",
      "totalNetSales": 131.65,
      "totalGrossSales": 146.88,
      "totalUnits": 2,
      "totalDiscounts": 0,
      "purchaseCount": 2,
      "avgTicket": 65.825,
      "topProducts": [],
      "firstPurchase": "2025-10-02",
      "lastPurchase": "2025-10-02",
      "channels": [
        "Cellar Door and Online"
      ]
    },
    {
      "customerId": "FYMAHYMCG0DVA9SZ5X4PNSD0GW",
      "customerName": "",
      "totalNetSales": 130.74,
      "totalGrossSales": 145.87,
      "totalUnits": 4,
      "totalDiscounts": 0,
      "purchaseCount": 4,
      "avgTicket": 32.685,
      "topProducts": [],
      "firstPurchase": "2025-08-28",
      "lastPurchase": "2025-08-28",
      "channels": [
        "Cellar Door and Online"
      ]
    },
    {
      "customerId": "FW0PBXZDYX66VE3BVX0TGHEKXW",
      "customerName": "Britta Gisder",
      "totalNetSales": 130.74,
      "totalGrossSales": 145.87,
      "totalUnits": 2,
      "totalDiscounts": 16,
      "purchaseCount": 1,
      "avgTicket": 130.74,
      "topProducts": [],
      "firstPurchase": "2025-06-12",
      "lastPurchase": "2025-06-12",
      "channels": [
        "Cellar Door and Online"
      ]
    },
    {
      "customerId": "AC17QZ22Z6WNZ5A558TAFCTQTG",
      "customerName": "Nick Croom",
      "totalNetSales": 130.18,
      "totalGrossSales": 143.2,
      "totalUnits": 2,
      "totalDiscounts": 35.8,
      "purchaseCount": 2,
      "avgTicket": 65.09,
      "topProducts": [],
      "firstPurchase": "2025-06-29",
      "lastPurchase": "2025-06-29",
      "channels": [
        "Devils Thumb Distillery"
      ]
    },
    {
      "customerId": "QCVAFD6R5H339M62F8H9W8Y81W",
      "customerName": "Laura Morelli",
      "totalNetSales": 130.18,
      "totalGrossSales": 143.2,
      "totalUnits": 2,
      "totalDiscounts": 35.8,
      "purchaseCount": 2,
      "avgTicket": 65.09,
      "topProducts": [],
      "firstPurchase": "2025-05-22",
      "lastPurchase": "2025-05-22",
      "channels": [
        "Devils Thumb Distillery"
      ]
    },
    {
      "customerId": "TB79HRRQA12C563Q29K0VNSWQR",
      "customerName": "Jen Pritchard",
      "totalNetSales": 130.18,
      "totalGrossSales": 143.2,
      "totalUnits": 2,
      "totalDiscounts": 35.8,
      "purchaseCount": 2,
      "avgTicket": 65.09,
      "topProducts": [],
      "firstPurchase": "2025-05-17",
      "lastPurchase": "2025-05-17",
      "channels": [
        "Devils Thumb Distillery"
      ]
    },
    {
      "customerId": "AY1CQEZB9E2RR1DK3GJZRNH274",
      "customerName": "Michael Lush",
      "totalNetSales": 130.18,
      "totalGrossSales": 143.2,
      "totalUnits": 2,
      "totalDiscounts": 35.8,
      "purchaseCount": 2,
      "avgTicket": 65.09,
      "topProducts": [],
      "firstPurchase": "2025-05-15",
      "lastPurchase": "2025-05-15",
      "channels": [
        "Devils Thumb Distillery"
      ]
    },
    {
      "customerId": "779N2ZW9NBYB3ZT6TT96W6G8B0",
      "customerName": "Rebecca - Miss Chief Barnett",
      "totalNetSales": 128,
      "totalGrossSales": 140.8,
      "totalUnits": 2,
      "totalDiscounts": 0,
      "purchaseCount": 2,
      "avgTicket": 64,
      "topProducts": [],
      "firstPurchase": "2024-12-10",
      "lastPurchase": "2024-12-10",
      "channels": [
        "Invoice Sales"
      ]
    },
    {
      "customerId": "92RWRJ5817BSPF1431F0H6BVN4",
      "customerName": "",
      "totalNetSales": 127.74,
      "totalGrossSales": 142.53,
      "totalUnits": 2,
      "totalDiscounts": 0,
      "purchaseCount": 2,
      "avgTicket": 63.87,
      "topProducts": [],
      "firstPurchase": "2025-08-16",
      "lastPurchase": "2025-08-16",
      "channels": [
        "Cellar Door and Online"
      ]
    },
    {
      "customerId": "GB3R16QGZ9FGDQDDX9PAY5EJX8",
      "customerName": "",
      "totalNetSales": 127.11,
      "totalGrossSales": 141.82,
      "totalUnits": 2,
      "totalDiscounts": 20,
      "purchaseCount": 1,
      "avgTicket": 127.11,
      "topProducts": [],
      "firstPurchase": "2025-07-15",
      "lastPurchase": "2025-07-15",
      "channels": [
        "Cellar Door and Online"
      ]
    },
    {
      "customerId": "TB3QJW1W9PGKQ05PE8ZBZA1SH0",
      "customerName": "ian@dabblebroomwines.com",
      "totalNetSales": 125.45,
      "totalGrossSales": 138,
      "totalUnits": 4,
      "totalDiscounts": 0,
      "purchaseCount": 2,
      "avgTicket": 62.725,
      "topProducts": [],
      "firstPurchase": "2025-02-07",
      "lastPurchase": "2025-02-07",
      "channels": [
        "Cellar Door and Online"
      ]
    },
    {
      "customerId": "GTVTNYBED958K82C2WZCCPDZAR",
      "customerName": "Douglas Ayton",
      "totalNetSales": 122.91,
      "totalGrossSales": 135.2,
      "totalUnits": 1,
      "totalDiscounts": 33.8,
      "purchaseCount": 1,
      "avgTicket": 122.91,
      "topProducts": [],
      "firstPurchase": "2025-05-15",
      "lastPurchase": "2025-05-15",
      "channels": [
        "Devils Thumb Distillery"
      ]
    },
    {
      "customerId": "Y1TVW4JWCVAVDP31AEWKVAEAFG",
      "customerName": "",
      "totalNetSales": 121.66,
      "totalGrossSales": 135.74,
      "totalUnits": 2,
      "totalDiscounts": 0,
      "purchaseCount": 2,
      "avgTicket": 60.83,
      "topProducts": [],
      "firstPurchase": "2025-07-15",
      "lastPurchase": "2025-07-15",
      "channels": [
        "Cellar Door and Online"
      ]
    },
    {
      "customerId": "G9QBH38CG14NB119163ZT7MHEW",
      "customerName": "Vanessa Michael",
      "totalNetSales": 120,
      "totalGrossSales": 132,
      "totalUnits": 2,
      "totalDiscounts": 33,
      "purchaseCount": 2,
      "avgTicket": 60,
      "topProducts": [],
      "firstPurchase": "2025-05-22",
      "lastPurchase": "2025-05-22",
      "channels": [
        "Devils Thumb Distillery"
      ]
    },
    {
      "customerId": "ENT7FSHCQNB54V4CMVFQ9KKD18",
      "customerName": "Angela",
      "totalNetSales": 118,
      "totalGrossSales": 129.8,
      "totalUnits": 2,
      "totalDiscounts": 0,
      "purchaseCount": 1,
      "avgTicket": 118,
      "topProducts": [],
      "firstPurchase": "2024-12-31",
      "lastPurchase": "2024-12-31",
      "channels": [
        "Invoice Sales"
      ]
    },
    {
      "customerId": "6ANQ6092QTBYSYW3RKHVTJBYJ4",
      "customerName": "",
      "totalNetSales": 117.25999999999999,
      "totalGrossSales": 130.82999999999998,
      "totalUnits": 3,
      "totalDiscounts": 0,
      "purchaseCount": 2,
      "avgTicket": 58.629999999999995,
      "topProducts": [],
      "firstPurchase": "2025-10-18",
      "lastPurchase": "2025-10-18",
      "channels": [
        "Cellar Door and Online"
      ]
    },
    {
      "customerId": "ETQ6310MEZH9FQRR8RAXJFJ6Y0",
      "customerName": "Marissa Davis",
      "totalNetSales": 116.36,
      "totalGrossSales": 128,
      "totalUnits": 2,
      "totalDiscounts": 32,
      "purchaseCount": 1,
      "avgTicket": 116.36,
      "topProducts": [],
      "firstPurchase": "2025-06-27",
      "lastPurchase": "2025-06-27",
      "channels": [
        "Devils Thumb Distillery"
      ]
    },
    {
      "customerId": "ZW6NZDET1H47361RKV6BXEF074",
      "customerName": "Jeanette Mcginley",
      "totalNetSales": 116.36,
      "totalGrossSales": 128,
      "totalUnits": 2,
      "totalDiscounts": 32,
      "purchaseCount": 1,
      "avgTicket": 116.36,
      "topProducts": [],
      "firstPurchase": "2025-05-22",
      "lastPurchase": "2025-05-22",
      "channels": [
        "Devils Thumb Distillery"
      ]
    },
    {
      "customerId": "HSANJCFT2SGNS6G2TE6X3ASNGC",
      "customerName": "Joanne Williams",
      "totalNetSales": 116.36,
      "totalGrossSales": 128,
      "totalUnits": 2,
      "totalDiscounts": 32,
      "purchaseCount": 1,
      "avgTicket": 116.36,
      "topProducts": [],
      "firstPurchase": "2025-05-21",
      "lastPurchase": "2025-05-21",
      "channels": [
        "Devils Thumb Distillery"
      ]
    },
    {
      "customerId": "0S12VQ9Q7X0RH0Q2PPPD8Q4N68",
      "customerName": "paul Johnson",
      "totalNetSales": 116.36,
      "totalGrossSales": 128,
      "totalUnits": 2,
      "totalDiscounts": 32,
      "purchaseCount": 1,
      "avgTicket": 116.36,
      "topProducts": [],
      "firstPurchase": "2025-05-16",
      "lastPurchase": "2025-05-16",
      "channels": [
        "Devils Thumb Distillery"
      ]
    },
    {
      "customerId": "ZFCKEWCA2H2N45H9MDBQYE26YR",
      "customerName": "Terry Saunder",
      "totalNetSales": 116.36,
      "totalGrossSales": 128,
      "totalUnits": 2,
      "totalDiscounts": 32,
      "purchaseCount": 1,
      "avgTicket": 116.36,
      "topProducts": [],
      "firstPurchase": "2025-05-15",
      "lastPurchase": "2025-05-15",
      "channels": [
        "Devils Thumb Distillery"
      ]
    },
    {
      "customerId": "TGQAJ0CBYXMV1GNX7N0JKTJPWC",
      "customerName": "",
      "totalNetSales": 109.63,
      "totalGrossSales": 122.32,
      "totalUnits": 2,
      "totalDiscounts": 0,
      "purchaseCount": 2,
      "avgTicket": 54.815,
      "topProducts": [],
      "firstPurchase": "2025-10-18",
      "lastPurchase": "2025-10-18",
      "channels": [
        "Cellar Door and Online"
      ]
    },
    {
      "customerId": "8B4BYGZJGNQT4VPA5NYXYN973G",
      "customerName": "Troy Pezely",
      "totalNetSales": 109.09,
      "totalGrossSales": 120,
      "totalUnits": 2,
      "totalDiscounts": 0,
      "purchaseCount": 2,
      "avgTicket": 54.545,
      "topProducts": [],
      "firstPurchase": "2025-07-25",
      "lastPurchase": "2025-07-25",
      "channels": [
        "Devils Thumb Distillery"
      ]
    },
    {
      "customerId": "YD10BCA6K30SBD750P9353B4V0",
      "customerName": "",
      "totalNetSales": 107.81,
      "totalGrossSales": 120.28999999999999,
      "totalUnits": 2,
      "totalDiscounts": 31.25,
      "purchaseCount": 2,
      "avgTicket": 53.905,
      "topProducts": [],
      "firstPurchase": "2025-09-04",
      "lastPurchase": "2025-09-04",
      "channels": [
        "Cellar Door and Online"
      ]
    },
    {
      "customerId": "D7VMBPBNWFZ50FWH8XS8CQ7TEM",
      "customerName": "nsaxena.pdx@gmail.com",
      "totalNetSales": 107.27,
      "totalGrossSales": 118,
      "totalUnits": 3,
      "totalDiscounts": 10,
      "purchaseCount": 3,
      "avgTicket": 35.75666666666667,
      "topProducts": [],
      "firstPurchase": "2025-01-23",
      "lastPurchase": "2025-01-23",
      "channels": [
        "Cellar Door and Online"
      ]
    },
    {
      "customerId": "6WC7CSRERNXTKGV8MK03ZNEKKC",
      "customerName": "kris.dunstan13@gmail.com",
      "totalNetSales": 106.23,
      "totalGrossSales": 118.52,
      "totalUnits": 4,
      "totalDiscounts": 0,
      "purchaseCount": 4,
      "avgTicket": 26.5575,
      "topProducts": [],
      "firstPurchase": "2025-08-15",
      "lastPurchase": "2025-08-15",
      "channels": [
        "Cellar Door and Online"
      ]
    },
    {
      "customerId": "JVNMBFQSHEV83TYPVBWJN7CG64",
      "customerName": "Kurt Ward",
      "totalNetSales": 100.78,
      "totalGrossSales": 112.44,
      "totalUnits": 1,
      "totalDiscounts": 0,
      "purchaseCount": 1,
      "avgTicket": 100.78,
      "topProducts": [],
      "firstPurchase": "2025-07-10",
      "lastPurchase": "2025-07-10",
      "channels": [
        "Cellar Door and Online"
      ]
    },
    {
      "customerId": "X4RVHP0ZJF99Q2Z032X8D00ZC4",
      "customerName": "",
      "totalNetSales": 95.33,
      "totalGrossSales": 106.36000000000001,
      "totalUnits": 3,
      "totalDiscounts": 0,
      "purchaseCount": 3,
      "avgTicket": 31.776666666666667,
      "topProducts": [],
      "firstPurchase": "2025-10-11",
      "lastPurchase": "2025-10-11",
      "channels": [
        "Cellar Door and Online"
      ]
    },
    {
      "customerId": "HBJ2FWK35E96KYNJ4PGMJHNSAM",
      "customerName": "",
      "totalNetSales": 94.38,
      "totalGrossSales": 105.3,
      "totalUnits": 1,
      "totalDiscounts": 0,
      "purchaseCount": 1,
      "avgTicket": 94.38,
      "topProducts": [],
      "firstPurchase": "2025-11-01",
      "lastPurchase": "2025-11-01",
      "channels": [
        "Cellar Door and Online"
      ]
    },
    {
      "customerId": "BCM7RNH2SCQ3BEVHGB69VYRYRW",
      "customerName": "",
      "totalNetSales": 94.38,
      "totalGrossSales": 105.3,
      "totalUnits": 1,
      "totalDiscounts": 0,
      "purchaseCount": 1,
      "avgTicket": 94.38,
      "topProducts": [],
      "firstPurchase": "2025-07-05",
      "lastPurchase": "2025-07-05",
      "channels": [
        "Cellar Door and Online"
      ]
    },
    {
      "customerId": "8RYASDZVT7QS0MGD30E2XM6NNC",
      "customerName": "Sreekanth Chindhakunta",
      "totalNetSales": 94.38,
      "totalGrossSales": 105.3,
      "totalUnits": 1,
      "totalDiscounts": 0,
      "purchaseCount": 1,
      "avgTicket": 94.38,
      "topProducts": [],
      "firstPurchase": "2025-07-05",
      "lastPurchase": "2025-07-05",
      "channels": [
        "Cellar Door and Online"
      ]
    },
    {
      "customerId": "WQ45E46C1FFWCJHJF57F8EK678",
      "customerName": "",
      "totalNetSales": 94.38,
      "totalGrossSales": 105.3,
      "totalUnits": 1,
      "totalDiscounts": 0,
      "purchaseCount": 1,
      "avgTicket": 94.38,
      "topProducts": [],
      "firstPurchase": "2025-05-03",
      "lastPurchase": "2025-05-03",
      "channels": [
        "Cellar Door and Online"
      ]
    },
    {
      "customerId": "QBX3P5YMQX2390SW9JCJWSX68W",
      "customerName": "tony@devilsthumbdistillery.com",
      "totalNetSales": 90.55,
      "totalGrossSales": 99.6,
      "totalUnits": 2,
      "totalDiscounts": 149.4,
      "purchaseCount": 2,
      "avgTicket": 45.275,
      "topProducts": [],
      "firstPurchase": "2025-03-26",
      "lastPurchase": "2025-03-26",
      "channels": [
        "Cellar Door and Online"
      ]
    },
    {
      "customerId": "G6PV1AFMHC2A9F7JXETEAE1NW0",
      "customerName": "F Blake",
      "totalNetSales": 90,
      "totalGrossSales": 99,
      "totalUnits": 1,
      "totalDiscounts": 0,
      "purchaseCount": 1,
      "avgTicket": 90,
      "topProducts": [],
      "firstPurchase": "2025-11-02",
      "lastPurchase": "2025-11-02",
      "channels": [
        "Devils Thumb Distillery"
      ]
    },
    {
      "customerId": "CN97FR6FNZ24T6BTS7C0QRJSR8",
      "customerName": "Mick Day",
      "totalNetSales": 90,
      "totalGrossSales": 99,
      "totalUnits": 1,
      "totalDiscounts": 0,
      "purchaseCount": 1,
      "avgTicket": 90,
      "topProducts": [],
      "firstPurchase": "2025-10-16",
      "lastPurchase": "2025-10-16",
      "channels": [
        "Devils Thumb Distillery"
      ]
    },
    {
      "customerId": "9TT48ND36C1DYWZCX52D50MJ0R",
      "customerName": "Rachel Silm",
      "totalNetSales": 90,
      "totalGrossSales": 99,
      "totalUnits": 1,
      "totalDiscounts": 0,
      "purchaseCount": 1,
      "avgTicket": 90,
      "topProducts": [],
      "firstPurchase": "2025-10-12",
      "lastPurchase": "2025-10-12",
      "channels": [
        "Devils Thumb Distillery"
      ]
    },
    {
      "customerId": "GEFM78NPERR44GXE8DWHS7HHHM",
      "customerName": "mick naj",
      "totalNetSales": 90,
      "totalGrossSales": 99,
      "totalUnits": 1,
      "totalDiscounts": 0,
      "purchaseCount": 1,
      "avgTicket": 90,
      "topProducts": [],
      "firstPurchase": "2025-10-06",
      "lastPurchase": "2025-10-06",
      "channels": [
        "Devils Thumb Distillery"
      ]
    },
    {
      "customerId": "R2HXF7TG6MHWZ8N72T6CE2B7G8",
      "customerName": "Kristen Leonard",
      "totalNetSales": 90,
      "totalGrossSales": 99,
      "totalUnits": 1,
      "totalDiscounts": 0,
      "purchaseCount": 1,
      "avgTicket": 90,
      "topProducts": [],
      "firstPurchase": "2025-10-04",
      "lastPurchase": "2025-10-04",
      "channels": [
        "Devils Thumb Distillery"
      ]
    },
    {
      "customerId": "EW90M4D8PH81AJKAJ3083FW720",
      "customerName": "Melanie Ashcroft",
      "totalNetSales": 90,
      "totalGrossSales": 99,
      "totalUnits": 1,
      "totalDiscounts": 0,
      "purchaseCount": 1,
      "avgTicket": 90,
      "topProducts": [],
      "firstPurchase": "2025-08-07",
      "lastPurchase": "2025-08-07",
      "channels": [
        "Devils Thumb Distillery"
      ]
    },
    {
      "customerId": "T3A2FT8HY0BFFGHNQXXGJZG530",
      "customerName": "Sharna Woods",
      "totalNetSales": 90,
      "totalGrossSales": 99,
      "totalUnits": 1,
      "totalDiscounts": 0,
      "purchaseCount": 1,
      "avgTicket": 90,
      "topProducts": [],
      "firstPurchase": "2025-08-04",
      "lastPurchase": "2025-08-04",
      "channels": [
        "Devils Thumb Distillery"
      ]
    },
    {
      "customerId": "H6FA3DVYKFBG794F1BMNEKGPW8",
      "customerName": "",
      "totalNetSales": 90,
      "totalGrossSales": 99,
      "totalUnits": 1,
      "totalDiscounts": 0,
      "purchaseCount": 1,
      "avgTicket": 90,
      "topProducts": [],
      "firstPurchase": "2025-04-18",
      "lastPurchase": "2025-04-18",
      "channels": [
        "Cellar Door and Online"
      ]
    },
    {
      "customerId": "T5KKQX28YRCXXEQCTSHNX0B4WM",
      "customerName": "Grigor Jetnikoff",
      "totalNetSales": 90,
      "totalGrossSales": 99,
      "totalUnits": 1,
      "totalDiscounts": 0,
      "purchaseCount": 1,
      "avgTicket": 90,
      "topProducts": [],
      "firstPurchase": "2025-02-13",
      "lastPurchase": "2025-02-13",
      "channels": [
        "Devils Thumb Distillery"
      ]
    },
    {
      "customerId": "613KFXP77RKXE0VBXSC39B21RG",
      "customerName": "",
      "totalNetSales": 90,
      "totalGrossSales": 99,
      "totalUnits": 3,
      "totalDiscounts": 10,
      "purchaseCount": 3,
      "avgTicket": 30,
      "topProducts": [],
      "firstPurchase": "2025-02-01",
      "lastPurchase": "2025-02-01",
      "channels": [
        "Cellar Door and Online"
      ]
    },
    {
      "customerId": "07CANVJGG51CH715TG6Y10BNQ0",
      "customerName": "Damian McGinn",
      "totalNetSales": 90,
      "totalGrossSales": 99,
      "totalUnits": 1,
      "totalDiscounts": 0,
      "purchaseCount": 1,
      "avgTicket": 90,
      "topProducts": [],
      "firstPurchase": "2024-12-21",
      "lastPurchase": "2024-12-21",
      "channels": [
        "Devils Thumb Distillery"
      ]
    },
    {
      "customerId": "FGYRDQ74SC75RCZP1WNF4APWPW",
      "customerName": "Lisa Lansfield",
      "totalNetSales": 90,
      "totalGrossSales": 99,
      "totalUnits": 1,
      "totalDiscounts": 0,
      "purchaseCount": 1,
      "avgTicket": 90,
      "topProducts": [],
      "firstPurchase": "2024-12-16",
      "lastPurchase": "2024-12-16",
      "channels": [
        "Devils Thumb Distillery"
      ]
    },
    {
      "customerId": "SVABFP43BD5XK6FHTT15V2YRF4",
      "customerName": "Dawn Roberts",
      "totalNetSales": 90,
      "totalGrossSales": 99,
      "totalUnits": 1,
      "totalDiscounts": 0,
      "purchaseCount": 1,
      "avgTicket": 90,
      "topProducts": [],
      "firstPurchase": "2024-12-13",
      "lastPurchase": "2024-12-13",
      "channels": [
        "Cellar Door and Online"
      ]
    },
    {
      "customerId": "4F4PTVYZHHA70JTX8AVTTWZB2C",
      "customerName": "Jenny Heslop",
      "totalNetSales": 90,
      "totalGrossSales": 99,
      "totalUnits": 1,
      "totalDiscounts": 0,
      "purchaseCount": 1,
      "avgTicket": 90,
      "topProducts": [],
      "firstPurchase": "2024-12-07",
      "lastPurchase": "2024-12-07",
      "channels": [
        "Devils Thumb Distillery"
      ]
    },
    {
      "customerId": "AQBCPJP8XN1QH4BKQKXCNRC6SC",
      "customerName": "Vincent Dehring",
      "totalNetSales": 90,
      "totalGrossSales": 99,
      "totalUnits": 1,
      "totalDiscounts": 0,
      "purchaseCount": 1,
      "avgTicket": 90,
      "topProducts": [],
      "firstPurchase": "2024-12-07",
      "lastPurchase": "2024-12-07",
      "channels": [
        "Devils Thumb Distillery"
      ]
    },
    {
      "customerId": "63Z47179K50S1KX2CKZR4JFXQR",
      "customerName": "Anne Gray",
      "totalNetSales": 90,
      "totalGrossSales": 99,
      "totalUnits": 1,
      "totalDiscounts": 0,
      "purchaseCount": 1,
      "avgTicket": 90,
      "topProducts": [],
      "firstPurchase": "2024-12-03",
      "lastPurchase": "2024-12-03",
      "channels": [
        "Devils Thumb Distillery"
      ]
    },
    {
      "customerId": "9PR6P9NK46GEKK04A7E5Y5G6DM",
      "customerName": "",
      "totalNetSales": 89.88,
      "totalGrossSales": 100.29,
      "totalUnits": 1,
      "totalDiscounts": 0,
      "purchaseCount": 1,
      "avgTicket": 89.88,
      "topProducts": [],
      "firstPurchase": "2025-09-11",
      "lastPurchase": "2025-09-11",
      "channels": [
        "Cellar Door and Online"
      ]
    },
    {
      "customerId": "XBZFYWVBX7ZF7245P3R3SS4Q34",
      "customerName": "Kathryn Smith",
      "totalNetSales": 89.88,
      "totalGrossSales": 100.28999999999999,
      "totalUnits": 3,
      "totalDiscounts": 10,
      "purchaseCount": 3,
      "avgTicket": 29.959999999999997,
      "topProducts": [],
      "firstPurchase": "2025-08-28",
      "lastPurchase": "2025-08-28",
      "channels": [
        "Cellar Door and Online"
      ]
    },
    {
      "customerId": "CTW7Y80SWD0EHK9J7MT7PGH3R4",
      "customerName": "lwattle@bigpond.net.au",
      "totalNetSales": 89.88,
      "totalGrossSales": 100.29,
      "totalUnits": 1,
      "totalDiscounts": 0,
      "purchaseCount": 1,
      "avgTicket": 89.88,
      "topProducts": [],
      "firstPurchase": "2025-08-06",
      "lastPurchase": "2025-08-06",
      "channels": [
        "Cellar Door and Online"
      ]
    },
    {
      "customerId": "RXMGRNQ7CCGT85YKCVMBN154DW",
      "customerName": "",
      "totalNetSales": 89.88,
      "totalGrossSales": 100.29,
      "totalUnits": 1,
      "totalDiscounts": 0,
      "purchaseCount": 1,
      "avgTicket": 89.88,
      "topProducts": [],
      "firstPurchase": "2025-07-17",
      "lastPurchase": "2025-07-17",
      "channels": [
        "Cellar Door and Online"
      ]
    },
    {
      "customerId": "Y71R052RBFJPD324YTTRF8WDBW",
      "customerName": "",
      "totalNetSales": 89.88,
      "totalGrossSales": 100.29,
      "totalUnits": 1,
      "totalDiscounts": 0,
      "purchaseCount": 1,
      "avgTicket": 89.88,
      "topProducts": [],
      "firstPurchase": "2025-06-26",
      "lastPurchase": "2025-06-26",
      "channels": [
        "Cellar Door and Online"
      ]
    },
    {
      "customerId": "9GGHEZVY1G92Z3WHMMF62FMFDW",
      "customerName": "jodietatterson@yahoo.com",
      "totalNetSales": 89.88,
      "totalGrossSales": 100.29,
      "totalUnits": 1,
      "totalDiscounts": 0,
      "purchaseCount": 1,
      "avgTicket": 89.88,
      "topProducts": [],
      "firstPurchase": "2025-05-01",
      "lastPurchase": "2025-05-01",
      "channels": [
        "Cellar Door and Online"
      ]
    },
    {
      "customerId": "AD1QJ1H5KD3G99H8FDYETS5J98",
      "customerName": "Dan Tiffin",
      "totalNetSales": 85.5,
      "totalGrossSales": 94.05000000000001,
      "totalUnits": 2,
      "totalDiscounts": 9.5,
      "purchaseCount": 2,
      "avgTicket": 42.75,
      "topProducts": [],
      "firstPurchase": "2025-01-13",
      "lastPurchase": "2025-01-13",
      "channels": [
        "Invoice Sales"
      ]
    },
    {
      "customerId": "W6PE5QQ3TN5T5Z9JQHWTME2PF8",
      "customerName": "Mr Frost",
      "totalNetSales": 85.34,
      "totalGrossSales": 95.22,
      "totalUnits": 3,
      "totalDiscounts": 0,
      "purchaseCount": 2,
      "avgTicket": 42.67,
      "topProducts": [],
      "firstPurchase": "2025-07-31",
      "lastPurchase": "2025-07-31",
      "channels": [
        "Cellar Door and Online"
      ]
    },
    {
      "customerId": "QZZ5DQM0ZT71JY55VRWQM9M7CW",
      "customerName": "",
      "totalNetSales": 84.84,
      "totalGrossSales": 94.66,
      "totalUnits": 1,
      "totalDiscounts": 10,
      "purchaseCount": 1,
      "avgTicket": 84.84,
      "topProducts": [],
      "firstPurchase": "2025-10-18",
      "lastPurchase": "2025-10-18",
      "channels": [
        "Cellar Door and Online"
      ]
    },
    {
      "customerId": "3QRRAJGPQ5J0YBWZ298057P560",
      "customerName": "T Bonney",
      "totalNetSales": 84.84,
      "totalGrossSales": 94.66,
      "totalUnits": 1,
      "totalDiscounts": 10,
      "purchaseCount": 1,
      "avgTicket": 84.84,
      "topProducts": [],
      "firstPurchase": "2025-10-04",
      "lastPurchase": "2025-10-04",
      "channels": [
        "Cellar Door and Online"
      ]
    },
    {
      "customerId": "51J6YJ9VGMVVHPTS73T2QB8V7M",
      "customerName": "",
      "totalNetSales": 84.84,
      "totalGrossSales": 94.66,
      "totalUnits": 1,
      "totalDiscounts": 10,
      "purchaseCount": 1,
      "avgTicket": 84.84,
      "topProducts": [],
      "firstPurchase": "2025-09-27",
      "lastPurchase": "2025-09-27",
      "channels": [
        "Cellar Door and Online"
      ]
    },
    {
      "customerId": "Q0SY016ED0AVGCA14MA0TB7YN0",
      "customerName": "",
      "totalNetSales": 84.84,
      "totalGrossSales": 94.66,
      "totalUnits": 1,
      "totalDiscounts": 10,
      "purchaseCount": 1,
      "avgTicket": 84.84,
      "topProducts": [],
      "firstPurchase": "2025-08-09",
      "lastPurchase": "2025-08-09",
      "channels": [
        "Cellar Door and Online"
      ]
    },
    {
      "customerId": "4VN7E0FYJNN2693FT7B651ZWBW",
      "customerName": "",
      "totalNetSales": 84.84,
      "totalGrossSales": 94.66,
      "totalUnits": 1,
      "totalDiscounts": 10,
      "purchaseCount": 1,
      "avgTicket": 84.84,
      "topProducts": [],
      "firstPurchase": "2025-06-07",
      "lastPurchase": "2025-06-07",
      "channels": [
        "Cellar Door and Online"
      ]
    },
    {
      "customerId": "A3AD0D6RG533CX8491311QCPFG",
      "customerName": "",
      "totalNetSales": 84.84,
      "totalGrossSales": 94.66,
      "totalUnits": 1,
      "totalDiscounts": 10,
      "purchaseCount": 1,
      "avgTicket": 84.84,
      "topProducts": [],
      "firstPurchase": "2025-05-31",
      "lastPurchase": "2025-05-31",
      "channels": [
        "Cellar Door and Online"
      ]
    },
    {
      "customerId": "39GEQ67KXCXYT1AE2D8JAWTMEC",
      "customerName": "",
      "totalNetSales": 84.84,
      "totalGrossSales": 94.66,
      "totalUnits": 1,
      "totalDiscounts": 0,
      "purchaseCount": 1,
      "avgTicket": 84.84,
      "topProducts": [],
      "firstPurchase": "2025-05-24",
      "lastPurchase": "2025-05-24",
      "channels": [
        "Cellar Door and Online"
      ]
    },
    {
      "customerId": "N3N9VBCFQ50E548QNDXX8A3EG0",
      "customerName": "Nadine Baertl",
      "totalNetSales": 80.91,
      "totalGrossSales": 89,
      "totalUnits": 1,
      "totalDiscounts": 0,
      "purchaseCount": 1,
      "avgTicket": 80.91,
      "topProducts": [],
      "firstPurchase": "2025-05-04",
      "lastPurchase": "2025-05-04",
      "channels": [
        "Devils Thumb Distillery"
      ]
    },
    {
      "customerId": "6QAF14QBC8699DAJC5HSYTAAB4",
      "customerName": "Ian Triggs",
      "totalNetSales": 80.91,
      "totalGrossSales": 89,
      "totalUnits": 1,
      "totalDiscounts": 0,
      "purchaseCount": 1,
      "avgTicket": 80.91,
      "topProducts": [],
      "firstPurchase": "2025-03-13",
      "lastPurchase": "2025-03-13",
      "channels": [
        "Devils Thumb Distillery"
      ]
    },
    {
      "customerId": "6V4E731WBSAJ22X3YHYYSEWYJ4",
      "customerName": "",
      "totalNetSales": 80.91,
      "totalGrossSales": 89,
      "totalUnits": 1,
      "totalDiscounts": 10,
      "purchaseCount": 1,
      "avgTicket": 80.91,
      "topProducts": [],
      "firstPurchase": "2025-01-11",
      "lastPurchase": "2025-01-11",
      "channels": [
        "Cellar Door and Online"
      ]
    },
    {
      "customerId": "FWJKACAGDDZW46300J2CC1120G",
      "customerName": "",
      "totalNetSales": 80.8,
      "totalGrossSales": 90.16,
      "totalUnits": 1,
      "totalDiscounts": 10,
      "purchaseCount": 1,
      "avgTicket": 80.8,
      "topProducts": [],
      "firstPurchase": "2025-10-17",
      "lastPurchase": "2025-10-17",
      "channels": [
        "Cellar Door and Online"
      ]
    },
    {
      "customerId": "94ZVVCVTCM45FVT2GBZ9J7MDJG",
      "customerName": "",
      "totalNetSales": 80.8,
      "totalGrossSales": 90.16,
      "totalUnits": 1,
      "totalDiscounts": 10,
      "purchaseCount": 1,
      "avgTicket": 80.8,
      "topProducts": [],
      "firstPurchase": "2025-08-21",
      "lastPurchase": "2025-08-21",
      "channels": [
        "Cellar Door and Online"
      ]
    },
    {
      "customerId": "HHAPF4A4P6E6Z9Y9MSYW433XGM",
      "customerName": "",
      "totalNetSales": 80.8,
      "totalGrossSales": 90.16,
      "totalUnits": 1,
      "totalDiscounts": 10,
      "purchaseCount": 1,
      "avgTicket": 80.8,
      "topProducts": [],
      "firstPurchase": "2025-07-22",
      "lastPurchase": "2025-07-22",
      "channels": [
        "Cellar Door and Online"
      ]
    },
    {
      "customerId": "NXDS39GR2H7HN6ZZDH2Y5MTXFW",
      "customerName": "Mrs Orr",
      "totalNetSales": 80.8,
      "totalGrossSales": 90.16,
      "totalUnits": 2,
      "totalDiscounts": 16,
      "purchaseCount": 2,
      "avgTicket": 40.4,
      "topProducts": [],
      "firstPurchase": "2025-06-26",
      "lastPurchase": "2025-06-26",
      "channels": [
        "Cellar Door and Online"
      ]
    },
    {
      "customerId": "HC6T8Z3KM46B52GJ311ZQPVBW0",
      "customerName": "",
      "totalNetSales": 80.8,
      "totalGrossSales": 90.16,
      "totalUnits": 1,
      "totalDiscounts": 10,
      "purchaseCount": 1,
      "avgTicket": 80.8,
      "topProducts": [],
      "firstPurchase": "2025-06-19",
      "lastPurchase": "2025-06-19",
      "channels": [
        "Cellar Door and Online"
      ]
    },
    {
      "customerId": "WQ13Z5GYV2XFQGPP3CA2Y918M8",
      "customerName": "",
      "totalNetSales": 80.8,
      "totalGrossSales": 90.16,
      "totalUnits": 1,
      "totalDiscounts": 10,
      "purchaseCount": 1,
      "avgTicket": 80.8,
      "topProducts": [],
      "firstPurchase": "2025-06-12",
      "lastPurchase": "2025-06-12",
      "channels": [
        "Cellar Door and Online"
      ]
    },
    {
      "customerId": "F5NRGZ2TJ702VMSE6VCZ5Q08V0",
      "customerName": "Nathan Peters",
      "totalNetSales": 77.27,
      "totalGrossSales": 85,
      "totalUnits": 1,
      "totalDiscounts": 0,
      "purchaseCount": 1,
      "avgTicket": 77.27,
      "topProducts": [],
      "firstPurchase": "2025-05-02",
      "lastPurchase": "2025-05-02",
      "channels": [
        "Devils Thumb Distillery"
      ]
    },
    {
      "customerId": "SK2X83CR29Z62VEVHH99W9845W",
      "customerName": "",
      "totalNetSales": 77.27,
      "totalGrossSales": 85,
      "totalUnits": 1,
      "totalDiscounts": 0,
      "purchaseCount": 1,
      "avgTicket": 77.27,
      "topProducts": [],
      "firstPurchase": "2025-04-04",
      "lastPurchase": "2025-04-04",
      "channels": [
        "Cellar Door and Online"
      ]
    },
    {
      "customerId": "W67EXP2FF57379X5V2V0JEET7C",
      "customerName": "Reuben Wynne",
      "totalNetSales": 77.27,
      "totalGrossSales": 85,
      "totalUnits": 1,
      "totalDiscounts": 0,
      "purchaseCount": 1,
      "avgTicket": 77.27,
      "topProducts": [],
      "firstPurchase": "2024-12-14",
      "lastPurchase": "2024-12-14",
      "channels": [
        "Devils Thumb Distillery"
      ]
    },
    {
      "customerId": "HFD07ZQSEMYM37Y0NR467K24CG",
      "customerName": "",
      "totalNetSales": 77.17,
      "totalGrossSales": 86.1,
      "totalUnits": 1,
      "totalDiscounts": 0,
      "purchaseCount": 1,
      "avgTicket": 77.17,
      "topProducts": [],
      "firstPurchase": "2025-08-08",
      "lastPurchase": "2025-08-08",
      "channels": [
        "Cellar Door and Online"
      ]
    },
    {
      "customerId": "NQTBPE0AF80JT93VTTX19XXJR4",
      "customerName": "",
      "totalNetSales": 77.17,
      "totalGrossSales": 86.1,
      "totalUnits": 1,
      "totalDiscounts": 0,
      "purchaseCount": 1,
      "avgTicket": 77.17,
      "topProducts": [],
      "firstPurchase": "2025-07-19",
      "lastPurchase": "2025-07-19",
      "channels": [
        "Cellar Door and Online"
      ]
    },
    {
      "customerId": "EV7DBBYR282P6ZD38ES0RHEK8G",
      "customerName": "",
      "totalNetSales": 76.26,
      "totalGrossSales": 85.09,
      "totalUnits": 1,
      "totalDiscounts": 0,
      "purchaseCount": 1,
      "avgTicket": 76.26,
      "topProducts": [],
      "firstPurchase": "2025-07-26",
      "lastPurchase": "2025-07-26",
      "channels": [
        "Cellar Door and Online"
      ]
    },
    {
      "customerId": "9Y330R7934Q6X44T04Y1AYYDC4",
      "customerName": "",
      "totalNetSales": 75.31,
      "totalGrossSales": 84.03,
      "totalUnits": 1,
      "totalDiscounts": 10,
      "purchaseCount": 1,
      "avgTicket": 75.31,
      "topProducts": [],
      "firstPurchase": "2025-10-11",
      "lastPurchase": "2025-10-11",
      "channels": [
        "Cellar Door and Online"
      ]
    },
    {
      "customerId": "CATZW8HMWMXGGBXBSFJ4J7A9Y0",
      "customerName": "",
      "totalNetSales": 75.31,
      "totalGrossSales": 84.03,
      "totalUnits": 1,
      "totalDiscounts": 10,
      "purchaseCount": 1,
      "avgTicket": 75.31,
      "topProducts": [],
      "firstPurchase": "2025-07-26",
      "lastPurchase": "2025-07-26",
      "channels": [
        "Cellar Door and Online"
      ]
    },
    {
      "customerId": "S56YA3M0DD90QRZ7T2GVY9H2DG",
      "customerName": "Jacqueline Letford",
      "totalNetSales": 72.73,
      "totalGrossSales": 80,
      "totalUnits": 1,
      "totalDiscounts": 0,
      "purchaseCount": 1,
      "avgTicket": 72.73,
      "topProducts": [],
      "firstPurchase": "2025-11-06",
      "lastPurchase": "2025-11-06",
      "channels": [
        "Devils Thumb Distillery"
      ]
    },
    {
      "customerId": "FBH3P0R8ME0R4E6WYXP90V8DRG",
      "customerName": "russell tydens",
      "totalNetSales": 72.73,
      "totalGrossSales": 80,
      "totalUnits": 1,
      "totalDiscounts": 0,
      "purchaseCount": 1,
      "avgTicket": 72.73,
      "topProducts": [],
      "firstPurchase": "2025-10-06",
      "lastPurchase": "2025-10-06",
      "channels": [
        "Devils Thumb Distillery"
      ]
    },
    {
      "customerId": "1XMF27A3XBX62KMAPAD9BTCDPC",
      "customerName": "Kylie Lyon",
      "totalNetSales": 72.73,
      "totalGrossSales": 80,
      "totalUnits": 1,
      "totalDiscounts": 0,
      "purchaseCount": 1,
      "avgTicket": 72.73,
      "topProducts": [],
      "firstPurchase": "2025-08-30",
      "lastPurchase": "2025-08-30",
      "channels": [
        "Devils Thumb Distillery"
      ]
    },
    {
      "customerId": "00PBXXDDN4C618FEAJJ7VWT00M",
      "customerName": "Peter Walsh",
      "totalNetSales": 72.73,
      "totalGrossSales": 80,
      "totalUnits": 1,
      "totalDiscounts": 0,
      "purchaseCount": 1,
      "avgTicket": 72.73,
      "topProducts": [],
      "firstPurchase": "2025-08-15",
      "lastPurchase": "2025-08-15",
      "channels": [
        "Devils Thumb Distillery"
      ]
    },
    {
      "customerId": "XHKCSEM4KV8S7XBWHFPSED8N1C",
      "customerName": "Tony Bergin",
      "totalNetSales": 72.73,
      "totalGrossSales": 80,
      "totalUnits": 1,
      "totalDiscounts": 0,
      "purchaseCount": 1,
      "avgTicket": 72.73,
      "topProducts": [],
      "firstPurchase": "2025-06-03",
      "lastPurchase": "2025-06-03",
      "channels": [
        "Devils Thumb Distillery"
      ]
    },
    {
      "customerId": "MT0120Y12X5P59MS710NSM65AG",
      "customerName": "Shonee Gelhaar",
      "totalNetSales": 72.73,
      "totalGrossSales": 80,
      "totalUnits": 1,
      "totalDiscounts": 0,
      "purchaseCount": 1,
      "avgTicket": 72.73,
      "topProducts": [],
      "firstPurchase": "2025-05-13",
      "lastPurchase": "2025-05-13",
      "channels": [
        "Devils Thumb Distillery"
      ]
    },
    {
      "customerId": "DEXPAA87M51434W7D757HXZC18",
      "customerName": "Lisa Owen",
      "totalNetSales": 72.73,
      "totalGrossSales": 80,
      "totalUnits": 1,
      "totalDiscounts": 0,
      "purchaseCount": 1,
      "avgTicket": 72.73,
      "topProducts": [],
      "firstPurchase": "2025-05-10",
      "lastPurchase": "2025-05-10",
      "channels": [
        "Devils Thumb Distillery"
      ]
    },
    {
      "customerId": "13ZQATAV221XVB71WPGQTM2H9R",
      "customerName": "Teresa Allen",
      "totalNetSales": 72.73,
      "totalGrossSales": 80,
      "totalUnits": 1,
      "totalDiscounts": 0,
      "purchaseCount": 1,
      "avgTicket": 72.73,
      "topProducts": [],
      "firstPurchase": "2025-04-18",
      "lastPurchase": "2025-04-18",
      "channels": [
        "Cellar Door and Online"
      ]
    },
    {
      "customerId": "K7ED1P0EMYA1BD04FDR41QSJE0",
      "customerName": "",
      "totalNetSales": 72.73,
      "totalGrossSales": 80,
      "totalUnits": 1,
      "totalDiscounts": 0,
      "purchaseCount": 1,
      "avgTicket": 72.73,
      "topProducts": [],
      "firstPurchase": "2025-04-18",
      "lastPurchase": "2025-04-18",
      "channels": [
        "Cellar Door and Online"
      ]
    },
    {
      "customerId": "W94S8BQ8CWNHDYV9HGREESM1J8",
      "customerName": "",
      "totalNetSales": 72.73,
      "totalGrossSales": 80,
      "totalUnits": 1,
      "totalDiscounts": 0,
      "purchaseCount": 1,
      "avgTicket": 72.73,
      "topProducts": [],
      "firstPurchase": "2025-02-07",
      "lastPurchase": "2025-02-07",
      "channels": [
        "Cellar Door and Online"
      ]
    },
    {
      "customerId": "DD54EKQ9NWE95SANDY9VP9TCXG",
      "customerName": "Damian Anderson",
      "totalNetSales": 72.73,
      "totalGrossSales": 80,
      "totalUnits": 1,
      "totalDiscounts": 0,
      "purchaseCount": 1,
      "avgTicket": 72.73,
      "topProducts": [],
      "firstPurchase": "2025-01-30",
      "lastPurchase": "2025-01-30",
      "channels": [
        "Devils Thumb Distillery"
      ]
    },
    {
      "customerId": "ZQJZNGT5ZN4058B1KRF0YM4P2M",
      "customerName": "Daniel O'Brien",
      "totalNetSales": 72.73,
      "totalGrossSales": 80,
      "totalUnits": 1,
      "totalDiscounts": 0,
      "purchaseCount": 1,
      "avgTicket": 72.73,
      "topProducts": [],
      "firstPurchase": "2025-01-08",
      "lastPurchase": "2025-01-08",
      "channels": [
        "Devils Thumb Distillery"
      ]
    },
    {
      "customerId": "DJQGV7EV2ERK645JQAMRRX1AE8",
      "customerName": "Kelly Payne",
      "totalNetSales": 72.73,
      "totalGrossSales": 80,
      "totalUnits": 1,
      "totalDiscounts": 0,
      "purchaseCount": 1,
      "avgTicket": 72.73,
      "topProducts": [],
      "firstPurchase": "2024-12-26",
      "lastPurchase": "2024-12-26",
      "channels": [
        "Devils Thumb Distillery"
      ]
    },
    {
      "customerId": "ZHM5AXD3DDJ7J0RK961T87ASPG",
      "customerName": "Brianna Coates",
      "totalNetSales": 72.73,
      "totalGrossSales": 80,
      "totalUnits": 1,
      "totalDiscounts": 0,
      "purchaseCount": 1,
      "avgTicket": 72.73,
      "topProducts": [],
      "firstPurchase": "2024-12-22",
      "lastPurchase": "2024-12-22",
      "channels": [
        "Devils Thumb Distillery"
      ]
    },
    {
      "customerId": "03V8KTMCVRRDJN4J3EXXSXGWMG",
      "customerName": "Lauren Pugsley",
      "totalNetSales": 72.73,
      "totalGrossSales": 80,
      "totalUnits": 1,
      "totalDiscounts": 0,
      "purchaseCount": 1,
      "avgTicket": 72.73,
      "topProducts": [],
      "firstPurchase": "2024-12-08",
      "lastPurchase": "2024-12-08",
      "channels": [
        "Devils Thumb Distillery"
      ]
    },
    {
      "customerId": "C6S11YH6XSZ1T40DVC40T5YKYG",
      "customerName": "Adrian Jackson",
      "totalNetSales": 72.73,
      "totalGrossSales": 80,
      "totalUnits": 1,
      "totalDiscounts": 0,
      "purchaseCount": 1,
      "avgTicket": 72.73,
      "topProducts": [],
      "firstPurchase": "2024-12-06",
      "lastPurchase": "2024-12-06",
      "channels": [
        "Devils Thumb Distillery"
      ]
    },
    {
      "customerId": "W95H4PZHZE5QVM7FCPKXBW4GBM",
      "customerName": "",
      "totalNetSales": 72.73,
      "totalGrossSales": 80,
      "totalUnits": 1,
      "totalDiscounts": 0,
      "purchaseCount": 1,
      "avgTicket": 72.73,
      "topProducts": [],
      "firstPurchase": "2024-12-05",
      "lastPurchase": "2024-12-05",
      "channels": [
        "Cellar Door and Online"
      ]
    },
    {
      "customerId": "P0QX1QV716PN03BMBZA82974KG",
      "customerName": "Shari Sherriff",
      "totalNetSales": 72.63,
      "totalGrossSales": 81.04,
      "totalUnits": 1,
      "totalDiscounts": 0,
      "purchaseCount": 1,
      "avgTicket": 72.63,
      "topProducts": [],
      "firstPurchase": "2025-10-10",
      "lastPurchase": "2025-10-10",
      "channels": [
        "Cellar Door and Online"
      ]
    },
    {
      "customerId": "NT03B6ZCYCX0K50J82WEVJHH08",
      "customerName": "Paul Patterson",
      "totalNetSales": 72.63,
      "totalGrossSales": 81.04,
      "totalUnits": 1,
      "totalDiscounts": 0,
      "purchaseCount": 1,
      "avgTicket": 72.63,
      "topProducts": [],
      "firstPurchase": "2025-08-25",
      "lastPurchase": "2025-08-25",
      "channels": [
        "Cellar Door and Online"
      ]
    },
    {
      "customerId": "ECBZPCWN681G3HA4B3JQJP27E4",
      "customerName": "",
      "totalNetSales": 72.63,
      "totalGrossSales": 81.04,
      "totalUnits": 1,
      "totalDiscounts": 0,
      "purchaseCount": 1,
      "avgTicket": 72.63,
      "topProducts": [],
      "firstPurchase": "2025-08-14",
      "lastPurchase": "2025-08-14",
      "channels": [
        "Cellar Door and Online"
      ]
    },
    {
      "customerId": "N99MTV8XF0KG6HF8K21YRR77DR",
      "customerName": "Simon.mr Mcmahon",
      "totalNetSales": 72.63,
      "totalGrossSales": 81.04,
      "totalUnits": 1,
      "totalDiscounts": 0,
      "purchaseCount": 1,
      "avgTicket": 72.63,
      "topProducts": [],
      "firstPurchase": "2025-07-17",
      "lastPurchase": "2025-07-17",
      "channels": [
        "Cellar Door and Online"
      ]
    },
    {
      "customerId": "GHRPVYJ2Z18EAGFXQ4VGRBNRMC",
      "customerName": "Naomi Black",
      "totalNetSales": 72.63,
      "totalGrossSales": 81.04,
      "totalUnits": 1,
      "totalDiscounts": 0,
      "purchaseCount": 1,
      "avgTicket": 72.63,
      "topProducts": [],
      "firstPurchase": "2025-06-16",
      "lastPurchase": "2025-06-16",
      "channels": [
        "Cellar Door and Online"
      ]
    },
    {
      "customerId": "F9BZRXDANH7C53MDE1W94QHNQC",
      "customerName": "Jacqueline Deacon",
      "totalNetSales": 72.63,
      "totalGrossSales": 81.04,
      "totalUnits": 1,
      "totalDiscounts": 0,
      "purchaseCount": 1,
      "avgTicket": 72.63,
      "topProducts": [],
      "firstPurchase": "2025-06-11",
      "lastPurchase": "2025-06-11",
      "channels": [
        "Cellar Door and Online"
      ]
    },
    {
      "customerId": "FG7SWYGF453S10MM5JRYRA5A60",
      "customerName": "Siobhan McQuaid",
      "totalNetSales": 72,
      "totalGrossSales": 79.2,
      "totalUnits": 1,
      "totalDiscounts": 19.8,
      "purchaseCount": 1,
      "avgTicket": 72,
      "topProducts": [],
      "firstPurchase": "2025-06-28",
      "lastPurchase": "2025-06-28",
      "channels": [
        "Devils Thumb Distillery"
      ]
    },
    {
      "customerId": "CTCTAEE70EZTH5S54R6M9N2Z5M",
      "customerName": "Joshua Aylward",
      "totalNetSales": 72,
      "totalGrossSales": 79.2,
      "totalUnits": 1,
      "totalDiscounts": 19.8,
      "purchaseCount": 1,
      "avgTicket": 72,
      "topProducts": [],
      "firstPurchase": "2025-06-27",
      "lastPurchase": "2025-06-27",
      "channels": [
        "Devils Thumb Distillery"
      ]
    },
    {
      "customerId": "B0QC6GYXBB10ZS6CCPQQS3P97W",
      "customerName": "Helen Reakes",
      "totalNetSales": 72,
      "totalGrossSales": 79.2,
      "totalUnits": 1,
      "totalDiscounts": 19.8,
      "purchaseCount": 1,
      "avgTicket": 72,
      "topProducts": [],
      "firstPurchase": "2025-05-22",
      "lastPurchase": "2025-05-22",
      "channels": [
        "Devils Thumb Distillery"
      ]
    },
    {
      "customerId": "Q20ADPCM1S4CC5KNETN71EKZ3W",
      "customerName": "Hollie Hilsdon",
      "totalNetSales": 72,
      "totalGrossSales": 79.2,
      "totalUnits": 1,
      "totalDiscounts": 19.8,
      "purchaseCount": 1,
      "avgTicket": 72,
      "topProducts": [],
      "firstPurchase": "2025-05-17",
      "lastPurchase": "2025-05-17",
      "channels": [
        "Devils Thumb Distillery"
      ]
    },
    {
      "customerId": "D7C9V0EBWZ4SH244XN2867Y87C",
      "customerName": "Angus Stanford",
      "totalNetSales": 72,
      "totalGrossSales": 79.2,
      "totalUnits": 1,
      "totalDiscounts": 19.8,
      "purchaseCount": 1,
      "avgTicket": 72,
      "topProducts": [],
      "firstPurchase": "2025-05-16",
      "lastPurchase": "2025-05-16",
      "channels": [
        "Devils Thumb Distillery"
      ]
    },
    {
      "customerId": "1FTHQWB3RBF1E0VR920DCXS4TW",
      "customerName": "Ashley Mellor",
      "totalNetSales": 72,
      "totalGrossSales": 79.2,
      "totalUnits": 1,
      "totalDiscounts": 19.8,
      "purchaseCount": 1,
      "avgTicket": 72,
      "topProducts": [],
      "firstPurchase": "2025-05-16",
      "lastPurchase": "2025-05-16",
      "channels": [
        "Devils Thumb Distillery"
      ]
    },
    {
      "customerId": "W0WBWJ5YNS5X56XTA8MSKRNACC",
      "customerName": "Richard Callaghan",
      "totalNetSales": 72,
      "totalGrossSales": 79.2,
      "totalUnits": 1,
      "totalDiscounts": 19.8,
      "purchaseCount": 1,
      "avgTicket": 72,
      "topProducts": [],
      "firstPurchase": "2025-05-15",
      "lastPurchase": "2025-05-15",
      "channels": [
        "Devils Thumb Distillery"
      ]
    },
    {
      "customerId": "MG8M10VMHSMJBG26VEQFCF8XYG",
      "customerName": "P",
      "totalNetSales": 72,
      "totalGrossSales": 79.2,
      "totalUnits": 1,
      "totalDiscounts": 19.8,
      "purchaseCount": 1,
      "avgTicket": 72,
      "topProducts": [],
      "firstPurchase": "2025-05-15",
      "lastPurchase": "2025-05-15",
      "channels": [
        "Devils Thumb Distillery"
      ]
    },
    {
      "customerId": "ATK62ZS1C34KSQC81ADC1SJT6R",
      "customerName": "baysurf@gmx.net",
      "totalNetSales": 71.91,
      "totalGrossSales": 80.23,
      "totalUnits": 1,
      "totalDiscounts": 19.8,
      "purchaseCount": 1,
      "avgTicket": 71.91,
      "topProducts": [],
      "firstPurchase": "2025-06-29",
      "lastPurchase": "2025-06-29",
      "channels": [
        "Cellar Door and Online"
      ]
    },
    {
      "customerId": "MZKWH3MDRWADG1107TRPD7X4FM",
      "customerName": "",
      "totalNetSales": 71.91,
      "totalGrossSales": 80.23,
      "totalUnits": 1,
      "totalDiscounts": 19.8,
      "purchaseCount": 1,
      "avgTicket": 71.91,
      "topProducts": [],
      "firstPurchase": "2025-06-27",
      "lastPurchase": "2025-06-27",
      "channels": [
        "Cellar Door and Online"
      ]
    },
    {
      "customerId": "P5Y15064WQJVRSKP6QCKAF0SPR",
      "customerName": "",
      "totalNetSales": 71.72,
      "totalGrossSales": 80.03,
      "totalUnits": 1,
      "totalDiscounts": 20,
      "purchaseCount": 1,
      "avgTicket": 71.72,
      "topProducts": [],
      "firstPurchase": "2025-07-11",
      "lastPurchase": "2025-07-11",
      "channels": [
        "Cellar Door and Online"
      ]
    },
    {
      "customerId": "DEJG285BBQQWZKRR0X38G329HG",
      "customerName": "",
      "totalNetSales": 71.5,
      "totalGrossSales": 79.77,
      "totalUnits": 3,
      "totalDiscounts": 0,
      "purchaseCount": 3,
      "avgTicket": 23.833333333333332,
      "topProducts": [],
      "firstPurchase": "2025-10-11",
      "lastPurchase": "2025-10-11",
      "channels": [
        "Cellar Door and Online"
      ]
    },
    {
      "customerId": "0M8NF3KDGXTNQADE86D43WSCV4",
      "customerName": "Paula Clancy",
      "totalNetSales": 68.64,
      "totalGrossSales": 76.58000000000001,
      "totalUnits": 2,
      "totalDiscounts": 8.4,
      "purchaseCount": 2,
      "avgTicket": 34.32,
      "topProducts": [],
      "firstPurchase": "2025-06-13",
      "lastPurchase": "2025-06-13",
      "channels": [
        "Cellar Door and Online"
      ]
    },
    {
      "customerId": "E1YT4ZZ2N16KQDGW9P6QQPHV0C",
      "customerName": "Rellpedley@gmail.com",
      "totalNetSales": 68.09,
      "totalGrossSales": 75.98,
      "totalUnits": 1,
      "totalDiscounts": 10,
      "purchaseCount": 1,
      "avgTicket": 68.09,
      "topProducts": [],
      "firstPurchase": "2025-10-30",
      "lastPurchase": "2025-10-30",
      "channels": [
        "Cellar Door and Online"
      ]
    },
    {
      "customerId": "GD1TJ45RPYQPZ18097E90Q9SE4",
      "customerName": "",
      "totalNetSales": 68.09,
      "totalGrossSales": 75.98,
      "totalUnits": 1,
      "totalDiscounts": 10,
      "purchaseCount": 1,
      "avgTicket": 68.09,
      "topProducts": [],
      "firstPurchase": "2025-07-31",
      "lastPurchase": "2025-07-31",
      "channels": [
        "Cellar Door and Online"
      ]
    },
    {
      "customerId": "2XJC54Q2F6NVXK0S23G987D8J8",
      "customerName": "",
      "totalNetSales": 68.09,
      "totalGrossSales": 75.98,
      "totalUnits": 1,
      "totalDiscounts": 10,
      "purchaseCount": 1,
      "avgTicket": 68.09,
      "topProducts": [],
      "firstPurchase": "2025-07-17",
      "lastPurchase": "2025-07-17",
      "channels": [
        "Cellar Door and Online"
      ]
    },
    {
      "customerId": "KPPDWPB33PGNQ1GJ1N911165DM",
      "customerName": "E Kerrigan",
      "totalNetSales": 66.73,
      "totalGrossSales": 74.46,
      "totalUnits": 1,
      "totalDiscounts": 10,
      "purchaseCount": 1,
      "avgTicket": 66.73,
      "topProducts": [],
      "firstPurchase": "2025-10-04",
      "lastPurchase": "2025-10-04",
      "channels": [
        "Cellar Door and Online"
      ]
    },
    {
      "customerId": "XFTPEGQK1TXPF7N6PNXFF8V94C",
      "customerName": "",
      "totalNetSales": 66.73,
      "totalGrossSales": 74.46,
      "totalUnits": 1,
      "totalDiscounts": 10,
      "purchaseCount": 1,
      "avgTicket": 66.73,
      "topProducts": [],
      "firstPurchase": "2025-09-20",
      "lastPurchase": "2025-09-20",
      "channels": [
        "Cellar Door and Online"
      ]
    },
    {
      "customerId": "NAB268BP3J4N1YWGHTD7ZJ2KG4",
      "customerName": "",
      "totalNetSales": 66.73,
      "totalGrossSales": 74.46,
      "totalUnits": 1,
      "totalDiscounts": 10,
      "purchaseCount": 1,
      "avgTicket": 66.73,
      "topProducts": [],
      "firstPurchase": "2025-07-12",
      "lastPurchase": "2025-07-12",
      "channels": [
        "Cellar Door and Online"
      ]
    },
    {
      "customerId": "W8NREWP17ZC8YCHJAWGA045DPG",
      "customerName": "",
      "totalNetSales": 66.73,
      "totalGrossSales": 74.46,
      "totalUnits": 1,
      "totalDiscounts": 10,
      "purchaseCount": 1,
      "avgTicket": 66.73,
      "topProducts": [],
      "firstPurchase": "2025-07-12",
      "lastPurchase": "2025-07-12",
      "channels": [
        "Cellar Door and Online"
      ]
    },
    {
      "customerId": "C08NSMBFFB94ZQV80Z3YPCAXSG",
      "customerName": "",
      "totalNetSales": 65.45,
      "totalGrossSales": 72,
      "totalUnits": 1,
      "totalDiscounts": 8,
      "purchaseCount": 1,
      "avgTicket": 65.45,
      "topProducts": [],
      "firstPurchase": "2025-02-20",
      "lastPurchase": "2025-02-20",
      "channels": [
        "Cellar Door and Online"
      ]
    },
    {
      "customerId": "K67QQ8BEQXR0BG5MHNVZX3G524",
      "customerName": "",
      "totalNetSales": 65.37,
      "totalGrossSales": 72.94,
      "totalUnits": 1,
      "totalDiscounts": 8,
      "purchaseCount": 1,
      "avgTicket": 65.37,
      "topProducts": [],
      "firstPurchase": "2025-06-06",
      "lastPurchase": "2025-06-06",
      "channels": [
        "Cellar Door and Online"
      ]
    },
    {
      "customerId": "R956CVGE8PNP0DBK52TF33QP2R",
      "customerName": "",
      "totalNetSales": 64.82,
      "totalGrossSales": 72.33,
      "totalUnits": 1,
      "totalDiscounts": 17,
      "purchaseCount": 1,
      "avgTicket": 64.82,
      "topProducts": [],
      "firstPurchase": "2025-05-17",
      "lastPurchase": "2025-05-17",
      "channels": [
        "Cellar Door and Online"
      ]
    },
    {
      "customerId": "Z3SN5EA1D7EDHN3RSWY3MJTD64",
      "customerName": "Phoebe Roman",
      "totalNetSales": 64.73,
      "totalGrossSales": 71.2,
      "totalUnits": 1,
      "totalDiscounts": 17.8,
      "purchaseCount": 1,
      "avgTicket": 64.73,
      "topProducts": [],
      "firstPurchase": "2025-06-28",
      "lastPurchase": "2025-06-28",
      "channels": [
        "Devils Thumb Distillery"
      ]
    },
    {
      "customerId": "0BX0PN1FYK8XBZMN7N3QXD4XHR",
      "customerName": "accounts@imbuedistillery.com",
      "totalNetSales": 63.64,
      "totalGrossSales": 70,
      "totalUnits": 1,
      "totalDiscounts": 10,
      "purchaseCount": 1,
      "avgTicket": 63.64,
      "topProducts": [],
      "firstPurchase": "2025-01-10",
      "lastPurchase": "2025-01-10",
      "channels": [
        "Cellar Door and Online"
      ]
    },
    {
      "customerId": "9KNQ5QP3S6A51F6GA64R27VRHM",
      "customerName": "ryan42.hillier@gmail.com",
      "totalNetSales": 63.64,
      "totalGrossSales": 70,
      "totalUnits": 1,
      "totalDiscounts": 10,
      "purchaseCount": 1,
      "avgTicket": 63.64,
      "topProducts": [],
      "firstPurchase": "2025-01-03",
      "lastPurchase": "2025-01-03",
      "channels": [
        "Cellar Door and Online"
      ]
    },
    {
      "customerId": "VK611GC9EC25S5EY23JTGQ0388",
      "customerName": "Leigh-anne. Sargent",
      "totalNetSales": 63.64,
      "totalGrossSales": 70,
      "totalUnits": 1,
      "totalDiscounts": 10,
      "purchaseCount": 1,
      "avgTicket": 63.64,
      "topProducts": [],
      "firstPurchase": "2024-12-20",
      "lastPurchase": "2024-12-20",
      "channels": [
        "Cellar Door and Online"
      ]
    },
    {
      "customerId": "6B8TA791X9PX2T2CF2Q7MZMZ18",
      "customerName": "Darren Hayes",
      "totalNetSales": 63.55,
      "totalGrossSales": 70.91,
      "totalUnits": 1,
      "totalDiscounts": 10,
      "purchaseCount": 1,
      "avgTicket": 63.55,
      "topProducts": [],
      "firstPurchase": "2025-09-12",
      "lastPurchase": "2025-09-12",
      "channels": [
        "Cellar Door and Online"
      ]
    },
    {
      "customerId": "M65F8978YCMQB3VAQNAW2VZKSM",
      "customerName": "paul.lavings@gmail.com",
      "totalNetSales": 63.55,
      "totalGrossSales": 70.91,
      "totalUnits": 1,
      "totalDiscounts": 10,
      "purchaseCount": 1,
      "avgTicket": 63.55,
      "topProducts": [],
      "firstPurchase": "2025-07-15",
      "lastPurchase": "2025-07-15",
      "channels": [
        "Cellar Door and Online"
      ]
    },
    {
      "customerId": "X672WZBXKWC61GBYFR55AXMERG",
      "customerName": "",
      "totalNetSales": 63.55,
      "totalGrossSales": 70.91,
      "totalUnits": 1,
      "totalDiscounts": 10,
      "purchaseCount": 1,
      "avgTicket": 63.55,
      "topProducts": [],
      "firstPurchase": "2025-06-20",
      "lastPurchase": "2025-06-20",
      "channels": [
        "Cellar Door and Online"
      ]
    },
    {
      "customerId": "S7HBM7PAS4RVSMPFYJV8XS5W00,",
      "customerName": ",",
      "totalNetSales": 62.05,
      "totalGrossSales": 68.25,
      "totalUnits": 1,
      "totalDiscounts": 0,
      "purchaseCount": 1,
      "avgTicket": 62.05,
      "topProducts": [],
      "firstPurchase": "2025-11-01",
      "lastPurchase": "2025-11-01",
      "channels": [
        "Cellar Door and Online"
      ]
    },
    {
      "customerId": "487FQFGSPS3X3C1MZK0ZBNYHJ8",
      "customerName": "Catriona McPhee",
      "totalNetSales": 61.96,
      "totalGrossSales": 69.14,
      "totalUnits": 1,
      "totalDiscounts": 0,
      "purchaseCount": 1,
      "avgTicket": 61.96,
      "topProducts": [],
      "firstPurchase": "2025-09-06",
      "lastPurchase": "2025-09-06",
      "channels": [
        "Cellar Door and Online"
      ]
    },
    {
      "customerId": "G214HMN6451XX12E38915WTVDG",
      "customerName": "Bailey Cooke",
      "totalNetSales": 61.82,
      "totalGrossSales": 68,
      "totalUnits": 1,
      "totalDiscounts": 17,
      "purchaseCount": 1,
      "avgTicket": 61.82,
      "topProducts": [],
      "firstPurchase": "2025-06-27",
      "lastPurchase": "2025-06-27",
      "channels": [
        "Devils Thumb Distillery"
      ]
    },
    {
      "customerId": "N3SMJDD8KQWNXDJWPYTFYM2DQ4",
      "customerName": "Simon Colwell",
      "totalNetSales": 61.82,
      "totalGrossSales": 68,
      "totalUnits": 1,
      "totalDiscounts": 17,
      "purchaseCount": 1,
      "avgTicket": 61.82,
      "topProducts": [],
      "firstPurchase": "2025-05-22",
      "lastPurchase": "2025-05-22",
      "channels": [
        "Devils Thumb Distillery"
      ]
    },
    {
      "customerId": "7X8CQ406S96C178AK7QD67P9JG",
      "customerName": "John Harris",
      "totalNetSales": 61.82,
      "totalGrossSales": 68,
      "totalUnits": 1,
      "totalDiscounts": 17,
      "purchaseCount": 1,
      "avgTicket": 61.82,
      "topProducts": [],
      "firstPurchase": "2025-05-15",
      "lastPurchase": "2025-05-15",
      "channels": [
        "Devils Thumb Distillery"
      ]
    },
    {
      "customerId": "DE18AP0F0H2ABAW43MZA6TGBBC",
      "customerName": "Mark Anderson",
      "totalNetSales": 61.82,
      "totalGrossSales": 68,
      "totalUnits": 1,
      "totalDiscounts": 17,
      "purchaseCount": 1,
      "avgTicket": 61.82,
      "topProducts": [],
      "firstPurchase": "2025-05-15",
      "lastPurchase": "2025-05-15",
      "channels": [
        "Devils Thumb Distillery"
      ]
    },
    {
      "customerId": "HXRE8HQZ0H0F79JE0J6R3W7764",
      "customerName": "admin@hookabarra.com.au",
      "totalNetSales": 60.6,
      "totalGrossSales": 67.62,
      "totalUnits": 1,
      "totalDiscounts": 22.25,
      "purchaseCount": 1,
      "avgTicket": 60.6,
      "topProducts": [],
      "firstPurchase": "2025-06-02",
      "lastPurchase": "2025-06-02",
      "channels": [
        "Cellar Door and Online"
      ]
    },
    {
      "customerId": "0CFB91QFF951XD8VNT01ARFXW4",
      "customerName": "Sharon McGuane",
      "totalNetSales": 58.18,
      "totalGrossSales": 64,
      "totalUnits": 1,
      "totalDiscounts": 16,
      "purchaseCount": 1,
      "avgTicket": 58.18,
      "topProducts": [],
      "firstPurchase": "2025-06-29",
      "lastPurchase": "2025-06-29",
      "channels": [
        "Devils Thumb Distillery"
      ]
    },
    {
      "customerId": "HPZ5MYRC3N2312CF8W4H4JQHNM",
      "customerName": "Ross Leslie",
      "totalNetSales": 58.18,
      "totalGrossSales": 64,
      "totalUnits": 1,
      "totalDiscounts": 16,
      "purchaseCount": 1,
      "avgTicket": 58.18,
      "topProducts": [],
      "firstPurchase": "2025-05-22",
      "lastPurchase": "2025-05-22",
      "channels": [
        "Devils Thumb Distillery"
      ]
    },
    {
      "customerId": "J2YPYAXK2B97Q9W41V5NWSVQNW",
      "customerName": "Chris Medcalf",
      "totalNetSales": 58.18,
      "totalGrossSales": 64,
      "totalUnits": 1,
      "totalDiscounts": 16,
      "purchaseCount": 1,
      "avgTicket": 58.18,
      "topProducts": [],
      "firstPurchase": "2025-05-17",
      "lastPurchase": "2025-05-17",
      "channels": [
        "Devils Thumb Distillery"
      ]
    },
    {
      "customerId": "W009H98H4S6J3CY649TKDX4JFM",
      "customerName": "Josephine Boyle",
      "totalNetSales": 58.18,
      "totalGrossSales": 64,
      "totalUnits": 1,
      "totalDiscounts": 16,
      "purchaseCount": 1,
      "avgTicket": 58.18,
      "topProducts": [],
      "firstPurchase": "2025-05-15",
      "lastPurchase": "2025-05-15",
      "channels": [
        "Devils Thumb Distillery"
      ]
    },
    {
      "customerId": "TB2WMZP9TN0938JSB7Z8YGDQBW",
      "customerName": "Rachael Powell",
      "totalNetSales": 58.18,
      "totalGrossSales": 64,
      "totalUnits": 1,
      "totalDiscounts": 16,
      "purchaseCount": 1,
      "avgTicket": 58.18,
      "topProducts": [],
      "firstPurchase": "2025-05-15",
      "lastPurchase": "2025-05-15",
      "channels": [
        "Devils Thumb Distillery"
      ]
    },
    {
      "customerId": "25FNMDBXG56PFCFFJCBT1XYRMM",
      "customerName": "Ian Adam",
      "totalNetSales": 57.95,
      "totalGrossSales": 63.75,
      "totalUnits": 1,
      "totalDiscounts": 21.25,
      "purchaseCount": 1,
      "avgTicket": 57.95,
      "topProducts": [],
      "firstPurchase": "2024-12-21",
      "lastPurchase": "2024-12-21",
      "channels": [
        "Cellar Door and Online"
      ]
    },
    {
      "customerId": "VFF6CTYZT3NSXZ36XVQK0FG0WW",
      "customerName": "",
      "totalNetSales": 57.88,
      "totalGrossSales": 64.58,
      "totalUnits": 1,
      "totalDiscounts": 21.25,
      "purchaseCount": 1,
      "avgTicket": 57.88,
      "topProducts": [],
      "firstPurchase": "2025-08-22",
      "lastPurchase": "2025-08-22",
      "channels": [
        "Cellar Door and Online"
      ]
    },
    {
      "customerId": "G9AK1B4B7YZEV7JWQYPHXNJ8M0",
      "customerName": "",
      "totalNetSales": 54.47,
      "totalGrossSales": 60.78,
      "totalUnits": 1,
      "totalDiscounts": 0,
      "purchaseCount": 1,
      "avgTicket": 54.47,
      "topProducts": [],
      "firstPurchase": "2025-08-07",
      "lastPurchase": "2025-08-07",
      "channels": [
        "Cellar Door and Online"
      ]
    },
    {
      "customerId": "4E12MYVX56K5W076RD5JSQ0ESC",
      "customerName": "",
      "totalNetSales": 52.730000000000004,
      "totalGrossSales": 58,
      "totalUnits": 4,
      "totalDiscounts": 0,
      "purchaseCount": 2,
      "avgTicket": 26.365000000000002,
      "topProducts": [],
      "firstPurchase": "2024-12-29",
      "lastPurchase": "2024-12-29",
      "channels": [
        "Cellar Door and Online"
      ]
    },
    {
      "customerId": "3VVD8J4TGAZNVJDVREWPJ3KA3M",
      "customerName": "",
      "totalNetSales": 49.93,
      "totalGrossSales": 55.72,
      "totalUnits": 1,
      "totalDiscounts": 10,
      "purchaseCount": 1,
      "avgTicket": 49.93,
      "topProducts": [],
      "firstPurchase": "2025-11-06",
      "lastPurchase": "2025-11-06",
      "channels": [
        "Cellar Door and Online"
      ]
    },
    {
      "customerId": "EJEH94MQ3EH00EDV4JP7DSN2T0",
      "customerName": "",
      "totalNetSales": 49.09,
      "totalGrossSales": 54,
      "totalUnits": 6,
      "totalDiscounts": 0,
      "purchaseCount": 4,
      "avgTicket": 12.2725,
      "topProducts": [],
      "firstPurchase": "2024-12-06",
      "lastPurchase": "2024-12-06",
      "channels": [
        "Cellar Door and Online"
      ]
    },
    {
      "customerId": "1ZHTW7S8JCSNKWM62CWSEW5V4W",
      "customerName": "",
      "totalNetSales": 42.269999999999996,
      "totalGrossSales": 46.5,
      "totalUnits": 5,
      "totalDiscounts": 15.5,
      "purchaseCount": 5,
      "avgTicket": 8.453999999999999,
      "topProducts": [],
      "firstPurchase": "2024-12-28",
      "lastPurchase": "2024-12-28",
      "channels": [
        "Cellar Door and Online"
      ]
    },
    {
      "customerId": "8TPFTHRVBF20QQVDX4MWY6TZ64",
      "customerName": "",
      "totalNetSales": 40.91,
      "totalGrossSales": 45,
      "totalUnits": 3,
      "totalDiscounts": 0,
      "purchaseCount": 3,
      "avgTicket": 13.636666666666665,
      "topProducts": [],
      "firstPurchase": "2024-12-29",
      "lastPurchase": "2024-12-29",
      "channels": [
        "Cellar Door and Online"
      ]
    },
    {
      "customerId": "B1XD949WX6VQ7J6FYBWCFDNV34",
      "customerName": "S Skinner",
      "totalNetSales": 35.449999999999996,
      "totalGrossSales": 39,
      "totalUnits": 3,
      "totalDiscounts": 0,
      "purchaseCount": 3,
      "avgTicket": 11.816666666666665,
      "topProducts": [],
      "firstPurchase": "2024-12-28",
      "lastPurchase": "2024-12-28",
      "channels": [
        "Cellar Door and Online"
      ]
    },
    {
      "customerId": "QZKY8SXA27M069YQTC2QCNW67W",
      "customerName": "Jay Amundsen",
      "totalNetSales": 27.27,
      "totalGrossSales": 30,
      "totalUnits": 3,
      "totalDiscounts": 0,
      "purchaseCount": 2,
      "avgTicket": 13.635,
      "topProducts": [],
      "firstPurchase": "2024-12-21",
      "lastPurchase": "2024-12-21",
      "channels": [
        "Cellar Door and Online"
      ]
    },
    {
      "customerId": "JDVDPETGB546D3F67E03GW6ZJM",
      "customerName": "Shane Ryan",
      "totalNetSales": 23.61,
      "totalGrossSales": 26.34,
      "totalUnits": 1,
      "totalDiscounts": 39,
      "purchaseCount": 1,
      "avgTicket": 23.61,
      "topProducts": [],
      "firstPurchase": "2025-08-21",
      "lastPurchase": "2025-08-21",
      "channels": [
        "Cellar Door and Online"
      ]
    },
    {
      "customerId": "XCZR81BE5H70B0EK7RWMVV52QG",
      "customerName": "Maria.ms Messinger",
      "totalNetSales": 16.36,
      "totalGrossSales": 18,
      "totalUnits": 2,
      "totalDiscounts": 0,
      "purchaseCount": 2,
      "avgTicket": 8.18,
      "topProducts": [],
      "firstPurchase": "2024-11-30",
      "lastPurchase": "2024-12-27",
      "channels": [
        "Cellar Door and Online"
      ]
    },
    {
      "customerId": "1SNF08PP4S3P70870GYERZ8T34",
      "customerName": "Joshua Warren",
      "totalNetSales": 0,
      "totalGrossSales": 0,
      "totalUnits": 2,
      "totalDiscounts": 198,
      "purchaseCount": 1,
      "avgTicket": 0,
      "topProducts": [],
      "firstPurchase": "2025-05-17",
      "lastPurchase": "2025-05-17",
      "channels": [
        "Cellar Door and Online"
      ]
    }
  ],
  "byMonth": [
    {
      "month": 1,
      "monthName": "January",
      "totalNetSales": 42998.32000000002,
      "totalGrossSales": 47298.16000000001,
      "totalUnits": 1107,
      "totalDiscounts": 6551.050000000002,
      "salesCount": 350,
      "avgTicket": 122.85234285714292,
      "topProducts": [],
      "topChannels": [],
      "isProjected": false
    },
    {
      "month": 2,
      "monthName": "February",
      "totalNetSales": 24551.040000000005,
      "totalGrossSales": 26972.83000000001,
      "totalUnits": 549,
      "totalDiscounts": 2933.4499999999994,
      "salesCount": 141,
      "avgTicket": 174.12085106382983,
      "topProducts": [],
      "topChannels": [],
      "isProjected": false
    },
    {
      "month": 3,
      "monthName": "March",
      "totalNetSales": 27668.390000000003,
      "totalGrossSales": 30435.229999999985,
      "totalUnits": 722,
      "totalDiscounts": 3191.3900000000017,
      "salesCount": 106,
      "avgTicket": 261.02254716981133,
      "topProducts": [],
      "topChannels": [],
      "isProjected": false
    },
    {
      "month": 4,
      "monthName": "April",
      "totalNetSales": 41413.779999999984,
      "totalGrossSales": 45555.159999999974,
      "totalUnits": 985,
      "totalDiscounts": 4715.949999999998,
      "salesCount": 219,
      "avgTicket": 189.1040182648401,
      "topProducts": [],
      "topChannels": [],
      "isProjected": false
    },
    {
      "month": 5,
      "monthName": "May",
      "totalNetSales": 48938.96999999998,
      "totalGrossSales": 53895.73999999998,
      "totalUnits": 1091,
      "totalDiscounts": 7613.159999999999,
      "salesCount": 258,
      "avgTicket": 189.68593023255806,
      "topProducts": [],
      "topChannels": [],
      "isProjected": false
    },
    {
      "month": 6,
      "monthName": "June",
      "totalNetSales": 50550.31999999996,
      "totalGrossSales": 55730.459999999985,
      "totalUnits": 1167,
      "totalDiscounts": 7996.549999999996,
      "salesCount": 313,
      "avgTicket": 161.5026198083066,
      "topProducts": [],
      "topChannels": [],
      "isProjected": false
    },
    {
      "month": 7,
      "monthName": "July",
      "totalNetSales": 47255.17999999997,
      "totalGrossSales": 52104.709999999985,
      "totalUnits": 1084,
      "totalDiscounts": 6502.849999999998,
      "salesCount": 259,
      "avgTicket": 182.45243243243232,
      "topProducts": [],
      "topChannels": [],
      "isProjected": false
    },
    {
      "month": 8,
      "monthName": "August",
      "totalNetSales": 69702.48000000003,
      "totalGrossSales": 76797.94000000008,
      "totalUnits": 1672,
      "totalDiscounts": 8319.749999999998,
      "salesCount": 310,
      "avgTicket": 224.84670967741943,
      "topProducts": [],
      "topChannels": [],
      "isProjected": false
    },
    {
      "month": 9,
      "monthName": "September",
      "totalNetSales": 34958.43,
      "totalGrossSales": 38531.11999999998,
      "totalUnits": 784,
      "totalDiscounts": 4464.5599999999995,
      "salesCount": 170,
      "avgTicket": 205.63782352941178,
      "topProducts": [],
      "topChannels": [],
      "isProjected": false
    },
    {
      "month": 10,
      "monthName": "October",
      "totalNetSales": 70310.70000000001,
      "totalGrossSales": 77449.87000000001,
      "totalUnits": 1666,
      "totalDiscounts": 7978.109999999999,
      "salesCount": 269,
      "avgTicket": 261.37806691449816,
      "topProducts": [],
      "topChannels": [],
      "isProjected": false
    },
    {
      "month": 11,
      "monthName": "November",
      "totalNetSales": 11770.719999999996,
      "totalGrossSales": 12982.789999999997,
      "totalUnits": 254,
      "totalDiscounts": 2045.0999999999997,
      "salesCount": 99,
      "avgTicket": 118.89616161616158,
      "topProducts": [],
      "topChannels": [],
      "isProjected": false
    },
    {
      "month": 12,
      "monthName": "December",
      "totalNetSales": 66205.21999999993,
      "totalGrossSales": 72825.79999999994,
      "totalUnits": 1813,
      "totalDiscounts": 8877.149999999992,
      "salesCount": 662,
      "avgTicket": 100.00788519637452,
      "topProducts": [],
      "topChannels": [],
      "isProjected": true
    }
  ],
  "crossAnalysis": {
    "productByMonth": {},
    "channelByProduct": {},
    "categoryByMonth": {}
  }
}